%%
%%   This file is part of ICTP RegCM.
%%
%%   ICTP RegCM is free software: you can redistribute it and/or modify
%%   it under the terms of the GNU General Public License as published by
%%   the Free Software Foundation, either version 3 of the License, or
%%   (at your option) any later version.
%%
%%   ICTP RegCM is distributed in the hope that it will be useful,
%%   but WITHOUT ANY WARRANTY; without even the implied warranty of
%%   MERCHANTABILITY or FITNESS FOR A PARTICULAR PURPOSE.  See the
%%   GNU General Public License for more details.
%%
%%   You should have received a copy of the GNU General Public License
%%   along with ICTP RegCM.  If not, see <http://www.gnu.org/licenses/>.
%%

% Abreviations
@string{anngeo="Ann. Geophysicae"}
@string{atres="Atmos. Res."}
@string{atenv="Atmos. Environ."}
@string{acp="Atmos. Chem. Phys."}
@string{bams="Bull. Amer. Meteor. Soc."}
@string{blm="Bound.-Layer Meteor."}
@string{cdyn="Climate Dynamics"}
@string{climres="Climate Res."}
@string{conatm="Contrib. Atmos. Physics"}
@string{grl="Geophys. Res. Lett."}
@string{ijrs="Int. J. Remote Sens."}
@string{ijc="Int. J. Climatol."}
@string{jam="J. Appl. Meteor."}
@string{jamc="J. Appl. Meteor. Clim"}
@string{jas="J. Atmos. Sci."}
@string{jc="J. Climate"}
@string{jaot="J. Atmos. Ocean. Tech."}
@string{jpo="J. Physical Ocean."}
@string{jgr="J. Geophys. Res."}
@string{jgra="J. Geophys. Res. Atmosph."}
@string{jgrb="J. Geophys. Res. Biogeosci."}
@string{jhydro="J. Hydrol."}
@string{jhydromet="J. Hydrometeor."}
@string{jmsj="J. Meteor. Soc. of Japan"}
@string{nat="Nature"}
@string{malj="Malaria Journal"}
@string{map="Meteorol. Atmos. Phys."}
@string{memo="Meteor. Monogr."}
@string{metapps="Meteor. Appl."}
@string{mwr="Mon. Wea. Rev."}
@string{mz="Meteorol. Zeitschrift"}
@string{pnas="Proc. Nat. Acad. Sci."}
@string{asl="Atmos. Sci. Letters"}
@string{qjrmsqj="Quart. J. R. Meteorol. Soc."}
@string{qjrms="Q. J. R. Meteorol. Soc."}
@string{revgeo="Rev. Geophys."}
@string{wrs="Water Resour. Res."}
@string{tr="Tech. Rep."}
@string{tellus="Tellus"}
@string{thac="Theor. and Appl. Climatol."}
@string{scis="Sciences"}
@string{sci="Science"}
@string{wf= "Wea. and Forecasting"}
@string{weath= "Weather"}


@Article{Anthes_72,
  author =    {Anthes, R. A.},
  title =    {The development of asymmetries in a three-dimensional
              numerical model of the tropical cyclone},
  journal =    {Mon. Wea. Rev.},
  year =    {1972},
  volume =    {100},
  pages =    {401-476}
}

@Article{Anthes_77,
  author =    {Anthes, R. A.},
  title =    {A cumulus parameterization scheme utilizing a
                  one-dimensional cloud model},
  journal =    {Mon. Wea. Rev.},
  year =    {1977},
  volume =    {105},
  pages =    {270-286}
}

@Article{Anthes_78,
  author =    {Anthes, R. A. and T. T. Warner},
  title =    {Development of hydrodynamic models suitable for air
                  pollution and other mesometeorological studies},
  journal =    {Mon. Wea. Rev.},
  year =    {1978},
  volume =    {106},
  pages =    {1045-1078}
}

@Article{Anthes_80,
  author =    {Anthes, R. A. and N. L. Seaman and T. T. Warner},
  title =    {Comparisons of numerical simulations of the planetary boundary
                  layer by a mixed-layer and multi-level model},
  journal =    {Mon. Wea. Rev.},
  year =    {1980},
  volume =    {108},
  pages =    {365-376}
}

@TechReport{Anthes_87,
  author =    {Anthes, R. A. and E. Y. Hsie and Y. -H. Kuo},
  title =    {Description of the Penn State / NCAR mesoscale model version 4
                  (MM4), NCAR Tech. Note. NCAR/TN-282},
  institution =  {National Center for Atmospheric Research},
  year =    {1987},
  key =    {},
  type =    {},
  number =    {NCAR/TN-282},
  address =    {},
  month =    {},
  note =    {},
  annote =    {}
}

@Article{Arakawa_74,
  author =    {Arakawa, A. and W. H. Schubert},
  title =    {Interaction of a cumulus cloud ensemble with the large scale
                  environment, {P}art {I}},
  journal =    {J. Atmos. Sci.},
  year =    {1974},
  volume =    {31},
  pages =    {674-701}
}

@InCollection{Arakawa_93,
  author =       {Arakawa, A.},
  title =        {The closure assumptions in the cumulus parameterization
                  probleme {B}etts-{M}iller scheme, {C}hapter 1},
  booktitle =    {The representation of cumulus convection in numerical
                  models of the atmosphere},
  publisher =    {American Meteorological Society},
  year =         {1993},
  series =       {(Eds. K. A. Emanuel and D. J. Raymond),Meteo. Mon.},
  pages =        {1-16}
}

@Article{Barnston_03,
  author =    {A. G. Barnston and S. J. Mason and L. Goddard and
                  D. G. DeWitt and S. E. Zebiak},
  title =    {Multimodel ensembling in seasonal climate forecasting at
                  {IRI}},
  journal =    {Bull. Amer. Meteor. Soc.},
  year =    {2003},
  volume =    {84},
  pages =    {1783-1796}
}

@Article{Bates_90,
  author =    {G. T. Bates},
  title =    {A case study of the effects of topography on cyclone
                  development in the western united states},
  journal =    {Mon. Wea. Rev.},
  year =    {1990},
  volume =    {118},
  pages =    {1808-1825}
}

@Article{Bates_93,
  author =    {G. T. Bates and F. Giorgi and S. W. Hostetler},
  title =    {Towards the simulation of the effects of the {G}reat {L}akes
                  on regional climate},
  journal =    {Mon. Wea. Rev.},
  year =    {1993},
  volume =    {121},
  pages =    {1373-1387}
}

@Article{Bates_95,
  author =    {Bates, G. T. and S. W. Hostetler and F. Giorgi},
  title =    {Two-year simulation of the {G}reat {L}akes region with a
                  coupled modeling system},
  journal =    {Mon. Wea. Rev.},
  year =    {1995},
  volume =    {},
  pages =    {1505-1522}
}

@Article{Beheng_94,
  author =    {Beheng, K. D.},
  title =    {A parameterization of warm cloud microphysical conversion
                  processes},
  journal =    {Atmos. Res.},
  year =    {1994},
  volume =    {33},
  pages =    {193-206}
}

@Article{Betts_82,
  author =       {Betts, A. K.},
  title =        {Cloud thermodynamic models in saturation point coordinates},
  journal =       {J. Atmos. Sci.},
  year =         {1982},
  volume =       {39},
  pages =        {2182-2191}
}

@Article{Betts_86,
  author =       "Betts, A. K.",
  title =        "A new convective adjustment scheme. {P}art {I}:
                  Observational and theoretical basis",
  journal =       {Quart. J. Roy. Meteor. Soc.},
  year =         "1986",
  volume =       "112",
  pages =        "667-691",
}

@Article{Betts_87,
  author =       "Betts, A. K. and Harshavardhan",
  title =        "Thermodynamic constraint on the cloud liquid water feedback
                  in climate models",
  journal =       {J. Geophys. Res.},
  year =         "1987",
  volume =       "92",
  pages =        "8483-8485",
}

@InCollection{Betts_93,
  author =       "Betts, A. K. and Miller, M. J.",
  title =        "The {B}etts-{M}iller scheme, {C}hapter 9",
  booktitle =    "The representation of cumulus convection in numerical
                  models of the atmosphere",
  publisher =    "American Meteorological Society",
  year =         "1993",
  series =       "(Eds. K. A. Emanuel and D. J. Raymond),Meteo. Mon.",
  pages =        "107-121",
}

@InCollection{Betts_97,
  author =       "Betts, A. K.",
  title =        "The parameterization of deep convection",
  booktitle =    "The physics and parameterization of moist atmospheric
                  convection",
  publisher =    "Kluwer Academic Publishers",
  year =         "1997",
  editor =       "Smith, R.K.",
  pages =        "255-279",
}

@Article{Blackadar_79,
  author =    {Blackadar, A. K.},
  title =    {Boundary layer wind maxima and their significance for the
                  growth of nocturnal inversions},
  journal =    {Bull. Amer. Meteor. Soc.},
  year =    {1979},
  volume =    {38},
  pages =    {283-290}
}

@InBook{Blackadar_79b,
  ALTauthor =    {Blackadar, A. K.},
  ALTeditor =    {J.R. Pfaffin and E.N. Ziegler},
  title =    {High resolution models of the planetary boundary layer in
                  Advances in Environmental Science and Engineering},
  chapter =    {},
  publisher =    {Gordon and Breach, Newark, N.J.},
  year =    {1979},
  pages =    {50-85}
}

@Article{Briegleb_92,
  author =    {Briegleb, B. P.},
  title =    {Delta-Eddington approximation for solar radiation in the NCAR
                  Community Climate Model},
  journal =    {J. Geophys. Res.},
  year =    {1992},
  volume =    {97},
  pages =    {7603-7612}
}

@Article{Anthes_89,
  author =    {Anthes, R. A. and Y. -H. Kuo and S. Low-Nam and  E. -Y. Hsie
                  and T. M. Bettge},
  title =    {Estimation of episodic and climatological skill and
                  uncertainty in regional numerical models},
  journal =    {Quart. J. Roy. Meteor. Soc.},
  year =    {1989},
  volume =    {115},
  pages =    {763-806}
}

@Article{Barros_02,
  author =    {Barros, V. R. and Doyle, M. and Gonz{\'a}lez,M. and
                  Bejar{\'a}n, R. and Caffera, R.},
  title =    {Climate variability over subtropical {S}outh {A}merica and
                  the {S}outh {A}merican monsoon system: A review},
  journal =    {Meteorologica},
  year =    2002,
  volume =   27,
  pages =   {33-58}
}

@Article{Berbery_02,
  author =       {Berbery, E. H. and V. R. Barros},
  title =        {The hydrologic cycle of the {L}a {P}lata {B}asin in {S}outh
                  {A}merica.},
  journal =      {J. Hydrometeorology},
  year =         2002,
  volume =       3,
  pages =        {630-645}
}

@Article{Berbery_00,
  author =    {E. H. Berbery and E. A. Collini},
  title =    {Springtime precipitation and water vapor flux over
                  southeastern {S}outh {A}merica},
  journal =    {Mon. Wea. Rev},
  year =    2000,
  volume =   124,
  pages =   {2322-2339}
}

@Article{Betts_86,
  author =    {Betts, A. K. and Miller, M. J.},
  title =    {A new convective adjustment scheme. Part  {II}: Single column
                  tests usgin {GATE} wave, {BOMEX}, and arctic air-mass data
                  sets},
  journal =    {Quart. J. Roy. Meteor. Soc.},
  year =    1986,
  volume =   12,
  pages =   {693-709}
}

@Article{Black_94,
  author =    {Black, T. L.},
  title =    {The new {NMC} mesoscale {E}ta model: Description and forecast
                  examples},
  journal =    {Wea. Forecasting},
  year =    1994,
  volume =   9,
  pages =   {265-278}
}

@Article{Cavalcanti_02,
  author =    {Cavalcanti, I. F. A. and  Marengo, J. A. and Satyamurty,
                  P. and others},
  title =    {Global climatological features in a simulation using the
                  {CPTEC-COLA AGCM}},
  journal =    {J. Climate},
  year =    2002,
  volume =   15,
  number =   21,
  pages =   {2965-2988}
}

@Misc{Cavalcanti_05,
  author =   {Cavalcanti, I. F. A. and others},
  title =   {Seasonal Forecasts in {SAMS}},
  howpublished = {VAMOS Modeling Workshop},
  month =   {March},
  year =   2005,
  note =   {{M}exico City}
}

@Article{ChaNob.04,
  author =       {R. R. Chaves and P. Nobre},
  title =        {Interactions between sea surface temperature over the {S}outh
                  {A}tlantic {O}cean and the {S}outh {A}tlantic convergence
                  zone.},
  journal =      {Geophys. Res. Lett.},
  year =         2004,
  volume =       L03204,
  note =        {doi: 10.1029/2000JD00307}
}

@Article{Chen_97,
  author =    {Chen, F. and Janjic, Z. and Mitchell, K. },
  title =    {Impact of atmospheric surface layer parameterizations in the
                  new land surface scheme of the {NCEP} mesoscale eta model},
  journal =    {Bound-Layer Meteor.},
  year =    1997,
  volume =   85,
  pages =   {391-421}
}

@Article{Chiang_02,
  author =        {J. H. C. Chiang and J. Kushnir and A. Giannini},
  title =         {Deconstructing the {A}tlantic {I}ntertropical {C}onvergence
                   {Z}one variability:  Influence of the local cross-equatorial
                   sea surface temperature gradient and remote forcing from the
                   eastern equatorial {P}acific.},
  journal =      {J. Geophys. Res.},
  year =         2002,
  volume =       107,
  note =        {doi: 10.1029/2000JD000270}
}

@Article{Collier_04,
  author =    {Collier, J. C. and Bowman, K. P.},
  title =    {Diurnal cycle of tropical precipitation in a general
                  circulation model},
  journal =    {J. Geophys. Res.},
  year =    2004,
  volume =   109,
  pages =   {1-20},
  note =   {D17105},
  annote =   {doi:10.1029/2004JD004818}
}
@Article{Dai_99,
  author =    {Dai, Aiguo and F. Giorgi and K. E. Trenberth},
  title =    {Observed and model-simulated diurnal cycles of precipitation
                  over the contiguous United States},
  journal =    {J. Geophys. Res.},
  year =    {1999},
  volume =    {104},
  pages =    {6377-6402},
}

@Article{Davies_77,
  author =    {Davies, H. C. and R. E. Turner},
  title =    {Updating prediction models by dynamical relaxation:
                  An examination of the technique},
  journal =    {Quart. J. Roy. Met. Soc.},
  year =    {1977},
  key =    {},
  volume =    {103},
  number =    {},
  pages =    {225-245},
  month =    {},
  note =    {},
  annote =    {}
}

@Article{Deardoff_78,
  author =    {Deardoff, J. W.},
  title =    {Efficient prediction of ground surface temperature and
                  moisture with inclusion of a layer of vegetation},
  journal =    {J. Geophys. Res.},
  year =    {1978},
  volume =    {83},
  pages =    {1889-1903}
}

@InBook{Dickinson_84,
  author =    {Dickinson, R. E.},
  ALTeditor =    {Hansen, J.E. and T. Takahashi},
  title =    {Climate Processes and Climate Sensitivity},
  chapter =    {Modeling evapotranspiration processes for three-dimensional
                  global climate models},
  publisher =    {American Geophysical Union},
  year =    {1984},
  pages =    {52-72}
}

@TechReport{Dickinson_86,
  author =    {Dickinson, R. E. and P. J. Kennedy and A. Henderson-Sellers
                  and M. Wilson},
  title =    {Biosphere-Atmosphere Transfer Scheme (BATS) for the NCAR
                  Community Climate Model},
  institution =  {National Center for Atmospheric Research},
  year =    {1986},
  number =    {NCARE/TN-275+STR}
}

@article{Daley,
  author = { Roger   Daley },
  title = {The application of non?linear normal mode initialization to an operational forecast model},
  journal = {Atmosphere-Ocean},
  volume = {17},
  number = {2},
  pages = {97-124},
  year  = {1979},
  publisher = {Taylor & Francis},
  doi = {10.1080/07055900.1979.9649054},
  url = { https://doi.org/10.1080/07055900.1979.9649054 },
  eprint = { https://doi.org/10.1080/07055900.1979.9649054 }
}

@Article{Dickinson_89,
  author =    {Dickinson, R. E. and R. M. Errico and F. Giorgi and
                  G. T. Bates},
  title =    {A regional climate model for the western {U}nited {S}tates},
  journal =    {Climatic Change},
  year =    {1989},
  volume =    {15},
  pages =    {383-422}
}

@TechReport{Dickinson_93,
  author =    {Dickinson, R. E. and A. Henderson-Sellers and P. J. Kennedy},
  title =    {Biosphere-Atmosphere Transfer Scheme (BATS) version 1E as
                  coupled to the NCAR Community Climate Model},
  institution =  {National Center for Atmospheric Research},
  year =    {1993},
  key =    {},
  type =    {},
  number =    {},
  address =    {},
  month =    {},
  note =    {},
  annote =    {}
}

@Article{Dai_99,
  author =    {Dai, A. and Giorgi, F. and Trenberth, K. E.},
  title =    {Observed and model simulated diurnal cycles of precipitation
                  over the contiguous {U}nited {S}tates},
  journal =    {J. Geophys. Res.},
  year =    1999,
  volume =   104,
  number =   {D6},
  pages =   {6377-6402},
  note =   {98JD02720}
}

@Article{Dai_04,
  author =    {Dai, A. and Trenberth, K. E.},
  title =    {The diurnal cycle and its depiction in the {C}ommunity
                  {C}limate {S}ystem {M}odel},
  journal =    {J. Climate},
  year =    2004,
  volume =   17,
  pages =   {930-951}
}

@Article{Emanuel_91,
  author =  {Emanuel, K. A.},
  title =  {A scheme for representing cumulus convection in large-scale
            models},
  journal = {J. Atmos. Sci.},
  year =  1991,
  volume =   48,
  number =   21,
  pages =   {2313-2335}
}

@InBook{Emanuel_94,
  author =    {Emanuel, K. A.},
  Alteditor =    {Oxford University Press},
  title =    {Atmospheric Convection},
  chapter =    {},
  publisher =    {Oxford University Press},
  year =    {1994},
  pages =    {580}
}

@ARTICLE{Emanuel_99,
  author  = {Emanuel, K. A. and M. Zivkovic-Rothman},
  title   = {Development and evaluation of a convection scheme for use in
             climate models},
  year    = {1999},
  journal = {J. Atmos. Sci.},
  volume  = {56},
  pages   = {1766-1782}
} 

@TECHREPORT{Errico_88,
  author  = {Errico, R. M. and Bates, G. T.},
  title   = {Implicit Normal-Mode Initialization of the {PSU}/{NCAR}
             {M}esoscale {M}odel},
  year    = {1988},
  note = {pp. 112},
  address = {Boulder, Colorado},
  number  = {TN-312+IA},
  institution ={NCAR},
}

@Misc{Falvey_04,
  author =   {Falvey, M. and Garreaud, R.},
  title =   {Variability of moisture and convection over the central
                  {A}ndes during {SALLJEX}},
  howpublished = {CLIVAR Exchanges},
  month =   {March},
  year =   2004
}

@Article{Fouquart_80,
  author =       {Y. Fouquart and B. Bonnel},
  title =        {Computation of solar heating of the {E}arth's atmosphere:
                  A new parameterization},
  journal =      {Beitr. Phys. Atmos.},
  year =         1980,
  volume = 53,
  pages = {35-62}
}

@Article{Fritsch_80,
  author =    {Fritsch, J. M. and C. F. Chappell},
  title =    {Numerical prediction of convectively driven mesoscale
                  pressure systems.  Part I: Convective parameterization},
  journal =    {J. Atmos. Sci.},
  year =    {1980},
  volume =    {37},
  pages =    {1722-1733},
}

@Article{Gan_04,
  author =    {Gan, M. A. and V. E. Kousky and C. F. Ropelewski},
  title =    {The {S}outh {A}merican {M}onsoon circulation and its
                  relationship to rainfall over west-central {B}razil},
  journal =    {J. Climate},
  year =    2004,
  volume =   17,
  number =   1,
  pages =   {47-66}
}

@Article{Gates_99,
  author =    {Gates, W. L. and Boyle, J. S. and Covey, C. and others},
  title =    {An overview of the results of the {A}tmospheric {M}odel
                  {I}ntercomparison {P}roject ({AMIP I})},
  journal =    {Bull. Amer. Meteor. Soc.},
  year =    1999,
  volume =   80,
  number =   1,
  pages =   {29-55}
}

@Article{Garreaud_97,
  author =    {Garreaud, R. D. and Wallace, J. M.},
  title =    {The diurnal march of convective cloudiness over the
                  {A}mericas},
  journal =    {Mon. Wea. Rev.},
  year =    1997,
  volume =   125,
  pages =   {3157-3171}
}

@Article{Ghan_96,
  author =    {Ghan, S. J. and Bian, X. and Corsetti, L.},
  title =    {Simulation of the {G}reat {P}lains low level jet and
                  associated cloud fields by general circulation models},
  journal =    {Mon. Wea. Rev.},
  year =    1996,
  volume =   124,
  pages =   {1388-1408}
}

@Article{Giorgi_02,
  author =    {Giorgi, F. and X. Q. Bi and Y. Qian},
  title =    {Radiative forcing and regional climatic effects of 
                  anthropogenic aerosols over {E}ast {A}sia:  A regional coupled
                  climate-chemistry/aerosols model study},
  journal =    {J. Geophys. Res.},
  year =    {2002},
  key =    {},
  volume =    {107},
  number =    {},
  pages =    {},
  month =    {},
  note =    {},
  annote =    {}
}

@Article{Giorgi_03,
  author =    {Giorgi, F. and Raquel Francisco and Jeremy S. Pal},
  title =    {Effects of a Subgrid-Scale Topography and Land Use Scheme on
                  the Simulation of Surface Climate and Hydrology.  Part 1:
                  Effects of Temperature and Water Vapor Disaggregation.},
  journal =    {Journal of Hydrometeorology},
  year =    {2003},
  key =    {},
  volume =    {4},
  number =    {},
  pages =    {317-333},
  month =    {},
  note =    {},
  annote =    {}
}

@Article{Giorgi03b,
  author =    {Giorgi, F. and X. Q. Bi and Y. Qian},
  title =    {Indirect vs. direct effects of anthropogenic sulfate on the
                  climate of East Asia as simulated with a regional coupled 
                  climate-chemistry/aerosol model},
  journal =    {Climatic Change},
  year =    {2003},
  key =    {},
  volume =    {58},
  number =    {},
  pages =    {345-376},
  month =    {},
  note =    {},
  annote =    {}
}

@Article{Giorgi_89,
  author =    {Giorgi, F.},
  title =    {Two-dimensional simulations of possible mesoscale effects of
                  nuclear war fires},
  journal =    {J. Geophys. Res.},
  year =    {1989},
  volume =    {94},
  pages =    {1127-1144},
}

@Article{Giorgi_89b,
  author =    {Giorgi, F. and G. T. Bates},
  title =    {The climatological skill of a regional model over complex
                  terrain},
  journal =    {Mon. Wea. Rev.},
  year =    {1989},
  volume =    {117},
  pages =    {2325-2347},
}

@Article{Giorgi_90,
  author =    {Giorgi, F.},
  title =    {Simulation of regional climate using a limited area model
                  nested in a general circulation model},
  journal =    {J. Climate},
  year =    {1990},
  volume =    {3},
  pages =    {941-963}
}

@Article{Giorgi_90b,
  author =    {Giorgi, F. and M. R. Marinucci and G. Visconti},
  title =    {Use of a limited-area model nested in a general circulation
                  model for regional climate simulation over Europe},
  journal =    {J. Geophys. Res.},
  year =    {1990},
  volume =    {95},
  pages =    {18413-18431}
}

@Article{Giorgi_90c,
  author =    {Giorgi, F.},
  title =    {Sensitivity of simulated wintertime precipitation and soil
                  hydrology simulation over the western United States to lower
                  boundary specifications},
  journal =    {Atmos. Ocean},
  year =    {1990},
  volume =    {28},
  pages =    {1-23}
}

@Article{Giorgi_91,
  author =    {Giorgi, F. and L. O. Mearns},
  title =    {Approaches to regional climate change simulation: A review},
  journal =    {Rev. Geophys.},
  year =    {1991},
  volume =    {29},
  pages =    {191-216}
}

@Article{Giorgi_91b,
  author =    {Giorgi, F.},
  title =    {Sensitivity of simulated summertime precipitation over the
                  western United States to different physics parameterization},
  journal =    {Mon. Wea. Rev.},
  year =    {1991},
  volume =    {119},
  pages =    {2870-2888}
}

@Article{Giorgi_91c,
  author =    {Giorgi, F. and M. R. Marinucci},
  title =    {Validation of a regional atmospheric model over Europe:
                  Sensitivity of wintertime and summertime simulations to
                  selected physics parameterizations and lower boundary
                  conditions},
  journal =    {Quart. J. Roy. Meteor. Soc.},
  year =    {1991},
  volume =    {117},
  pages =    {1171-1206}
}

@Article{Giorgi_92,
  author =    {Giorgi, F. and G. T. Bates and S. J. Nieman},
  title =    {Simulation of the arid climate of the southern Great Basin
                  using a regional climate model},
  journal =    {Bull. Amer. Meteor. Soc.},
  year =    {1992},
  volume =    {73},
  number =    {11},
  pages =    {1807-1822}
}

@Article{Giorgi_92b,
  author =    {Giorgi, F. and M. R. Marinucci and G. Visconti},
  title =    {2xCO2 climate change scenario over Europe generated using a
                  limited area model nested in a general circulation model, 2},
  journal =    {Climate Change Scenario},
  year =    {1992},
  volume =    {97},
  pages =    {10011-10028}
}

@Article{Giorgi_93,
  author =    {Giorgi, F. and G. T. Bates and S. J. Nieman},
  title =    {The multi-year surface climatology of a regional atmospheric
                  model over the western United States},
  journal =    {J. Climate},
  year =    {1993},
  volume =    {6},
  pages =    {75-95}
}

@Article{Giorgi_93b,
  author =    {Giorgi, F. and M. R. Marinucci and G. T. Bates},
  title =    {Development of a second generation regional climate model
                  (RegCM2) I: Boundary layer and radiative transfer processes},
  journal =    {Mon. Wea. Rev.},
  year =    {1993},
  volume =    {121},
  pages =    {2794-2813}
}

@Article{Giorgi_93c,
  author =    {Giorgi, F. and M. R. Marinucci and G. T. Bates and
                  G. DeCanio},
  title =    {Development of a second generation regional climate model
                  (RegCM2) II: Convective processes and assimilation of lateral
                  boundary conditions},
  journal =    {Mon. Wea. Rev.},
  year =    {1993},
  volume =    {121},
  pages =    {2814-2832}
}

@Article{Giorgi_94,
  author =    {Giorgi, F. and  S. W. Hostetler and C. Shields Brodeur},
  title =    {Analysis of the surface hydrology in a regional climate
                  model},
  journal =    {Quart. J. Roy. Meteor. Soc.},
  year =    {1994},
  volume =    {120},
  pages =    {161-183}
}

@Article{Giorgi_94b,
  author =    {Giorgi, F. and  C. Shields and Brodeur and G. T. Bates},
  title =    {Regional climate change scenarios over the United States
                  produced with a nested regional climate model: Spatial and
                  seasonal characteristics},
  journal =    {J. Climate},
  year =    {1994},
  volume =    {7},
  pages =    {375-399}
}

@Article{Giorgi_95,
  author =    {Giorgi, F.},
  title =    {Perspectives for regional earth system modeling},
  journal =    {Global Planet Change},
  year =    {1995},
  volume =    {10},
  pages =    {941-963}
}

@Article{Giorgi_96,
  author =    {Giorgi, F. and M. R. Marinucci},
  title =    {An investigation of the sensitivity of simulated precipitation
                  to the model resolution and its implications for climate
                  studies},
  journal =    {Mon. Wea. Rev.},
  year =    {1996},
  volume =    {124},
  pages =    {148-166},
}

@Article{Giorgi_96b,
  author =    {Giorgi, F. and L. Mearns and C. Shields and L. Mayer},
  title =    {A regional model study of the importance of local versus
                  remote controls of the 1988 drought and the 1993 flood over
                  the central United States},
  journal =    {J. Climate},
  year =    {1996},
  volume =    {9},
  pages =    {1150-1162}
}

@Article{Giorgi_98,
  author =    {Giorgi, F. and L. Mearns and C. Shields and L. McDaniel},
  title =    {Regional nested model simulations of present day and 2xCO2
                  climate over the Central Great Plains of the United States},
  journal =    {Climatic Change},
  year =    {1998},
  volume =    {40},
  pages =    {457-493}
}

@Article{Giorgi_99,
  author =    {Giorgi, F. and L. O. Mearns},
  title =    {Introduction to special section: Regional climate modeling
                  revisited},
  journal =    {J. Geophys. Res.},
  year =    {1999},
  volume =    {104},
  pages =    {6335-6352}
}

@Article{Giorgi_99b,
  author =    {Giorgi, F. and Y. Huang and K. Nishizawa and C.-B. Fu},
  title =    {A seasonal cycle simulation over eastern Asia and its
                  sensitivity to radiative transfer and surface processes},
  journal =    {J. Geophys. Res.},
  year =    {1999},
  volume =    {104},
  pages =    {6403-6423}
}

@Article{Giorgi_06,
  author =    {Giorgi, F. and Pal, J. S. and Bi, X. and Sloan, L. and
              Elguindi, N. and Solmon, F.},
  title =    {Introduction to the TAC special issue: The RegCNET network.},
  journal =  {Theoretical and Applied Climatology},
  year =    {2006},
  volume =    {86},
  pages =    {1-4}
}

@Article{Giorgi_13,
  author={Giorgi, F. and Coppola, E. and Solmon, F. and Mariotti, L. and
    Sylla M. B., and Bi, X. and Elguindi, N. and Diro, G. T. and Nair, V. and
    Giuliani, G.  and Turuncoglu, U. U. and Cozzini, S. and G{\"u}ttler, I. and
    O'Brien, T. A.  and Tawfik, A.B. and Shalaby, A. and Zakey, A.S. and
    Steiner A. L. and Stordal, F. and Sloan, L.C. and Brankovic, C.},
  title={RegCM4: model description and preliminary tests over multiple CORDEX domains},
  journal={Climate Research},
  year={2012},
  volume={52},
  pages={7-29},
  doi={10.3354/cr01018},
  url={http://www.int-res.com/abstracts/cr/v52/p7-29/}
}

@Article{Giorgi_14,
  author="Giorgi, Filippo",
  title="Introduction to the special issue: the phase I CORDEX RegCM4 hyper-matrix (CREMA) experiment",
  journal="Climatic Change",
  year="2014",
  month="Jul",
  day="01",
  volume="125",
  number="1",
  pages="1--5",
  issn="1573-1480",
  doi="10.1007/s10584-014-1166-4",
  url="https://doi.org/10.1007/s10584-014-1166-4"
}

@Article{Godunov_59,
  author  =      {Godunov, S.K.},
  title   =      {A difference scheme for numerical computation of
            discontinuous solution of hydrodynamic equation},
  journal =      {Math. Sbornik - US Joint Publ. Res. Serv. JPRA 7226},
  year    =      {1959-T1969},
  volume  =      {47},
  pages   =      {271-306}
}

@Article{Gonzales_02,
  author  =      {Gonz{\'a}lez, M. and Barros, V.},
  title   =      {On the forecast of the onset and end of the convective
                  season in the {A}mazon},
  journal =      {Theor. Appl. Climatol.},
  year    =      {2002},
  volume  =      {73},
  pages   =      {169–187}
}

@Article{Grell_91,
  author =    {Grell, G. A. and Y. -H. Kuo and R. J. Pasch},
  title =    {Semi-prognostic tests of cumulus parameterization schemes in
                  the middle latitudes},
  journal =    {Mon. Wea. Rev.},
  year =    {1991},
  volume =    {119},
  pages =    {5-31}
}

@Article{Grell_93,
  author =    {Grell, G.},
  title =    {Prognostic evaluation of assumptions used by cumulus
                  parameterizations},
  journal =    {Mon. Wea. Rev.},
  year =    {1993},
  volume =    {121},
  pages =    {764-787}
}

@TECHREPORT{Grell_94,
  author  = {Grell, G. A. and Dudhia, J. and Stauffer, D. R.},
  title   = {Description of the fifth generation {P}enn {S}tate/{NCAR}
             {M}esoscale {M}odel ({MM}5)},
  year    = {1994},
  note = {pp. 121},
  address = {Boulder, Colorado},
  number  = {TN-398+STR},
  institution ={NCAR},
}

@Article{Grell_02,
  author =    {Grell, G. A. and D\'ev\'enyi, D.},
  title =    {A generalized approach to parameterizing convection combining
                  ensemble and data assimilation techniques},
  journal =    {Geophys. Res. Lett.},
  year =    2002,
  volume =   29,
  number =   1693,
  pages =   {38-1},
  note =   {DOI 10.1029/2002GL015311}
}

@Article{Grimm_00,
  author =    {A. M. Grimm and V. R. Barros and Moira E. Doyle},
  title =    {Climate Variability in southern {S}outh {A}merica Associated
                  with {E}l {N}i\~no and {L}a {N}i\~na Events},
  journal =    {J. Climate},
  year =    2000,
  volume =   13,
  pages =   {35-58}
}

@TechReport{Hack_93,
  author =    {Hack, J. J. and B. A. Boville and B. P. Briegleb and
                  J. T. Kiehl and P. J. Rasch and D. L. Williamson},
  title =    {Description of the NCAR Community Climate Model (CCM2)},
  institution =  {National Center for Atmospheric Research},
  year =    {1993},
  key =    {},
  type =    {},
  number =    {NCAR/TN-382+STR},
  address =    {},
  month =    {},
  note =    {},
  annote =    {}
}

@Article{Hastenrath_77,
  author =    {Hastenrath, S. and L. Heller},
  title =    {Dynamics of climatic hazards in {N}ortheast {B}razil},
  journal =    {Quart. J. Roy. Meteor. Soc.},
  year =    {1977},
  volume =    {103},
  pages =    {77-92}
}

@Article{Henderson-Sellers_86,
  author =    {Henderson-Sellers, B.},
  title =    {Calculating the Surface Energy Balance for Lake and Reservoir
                  Modeling:  A review},
  journal =    {Rev. Geophys.},
  year =    {1986},
  key =    {},
  volume =    {24},
  number =    {3},
  pages =    {625-649},
  month =    {},
  note =    {},
  annote =    {}
}

@Article{Holtslag_89,
  author =    {Holtslag, A. A. M. and B. A. Boville},
  title =    {Local versus nonlocal boundary-layer diffusion in a global
                  climate model},
  journal =    {J. Climate},
  year =    {1989},
  volume =    {6},
  pages =    {1825-1842}
}

@Article{Holtslag_90,
  author =    {Holtslag, A. A. M. and E. I. F. de Bruijn and H.-L. Pan},
  title =    {A high resolution air mass transformation model for
                  short-range weather forecasting},
  journal =    {Mon. Wea. Rev.},
  year =    {1990},
  volume =    {118},
  pages =    {1561-1575},
}

@Article{Holtslag_93,
  author =    {Holtslag, A. A. M. and B. A. Boville},
  title =    {Local versus nonlocal boundary-layer diffusion in a global
                  climate model},
  journal =    {J. Climate},
  year =    {1993},
  volume =    {6},
  number =    {},
  pages =    {},
  month =    {},
  note =    {},
  annote =    {}
}

@Article{Horel_89,
  author =       {Horel, J. D. and A. N. Hahmann and J. E. Geisler},
  title =        {An investigation of the annual cycle of the convective
                  activity over the tropical {A}mericas},
  journal =      {J. Climate},
  year =         {1989},
  volume = {2},
  pages = {1388-1403}
}

@Article{Hostetler_93,
  author =    {Hostetler, S. W. and Bates, G. T. and F. Giorgi},
  title =    {Interactive nesting of a lake thermal model within a regional
                  climate model for climate change studies},
  journal =    {Geophysical Research},
  year =    {1993},
  volume =    {98},
  pages =    {5045-5057}
}

@Article{Hostetler_94,
  author =    {Hostetler, S. W. and F. Giorgi and G. T. Bates},
  title =    {Role of lake-atmosphere feedbacks in sustaining Lakes
                  Bonneville and Lahontan 18,000 years ago},
  journal =    {Science},
  year =    {1994},
  volume =    {263},
  pages =    {265-268}
}

@Article{Hostetler_94b,
  author =    {Hostetler, S. W. and F. Giorgi and G. T. Bates and
                  P. J. Bartlein},
  title =    {Lake-atmosphere feedbacks associated with Paleolakes
                  Bonneville and Lahontan},
  journal =    {Science},
  year =    {1994},
  pages =    {665-668}
}

@Article{Hsie_84,
  author =    {Hsie, E. Y. and R. A. Anthes and D. Keyser},
  title =    {Numerical simulation of frontogenisis in a moist atmosphere},
  journal =    {J. Atmos. Sci.},
  year =    {1984},
  volume =    {41},
  pages =    {2581-2594},
}

@article{hubbard2003three,
  title={A three-dimensional, adaptive, Godunov-type model for global atmospheric flows.},
  author={Hubbard, ME and Nikiforakis, N},
  journal={Monthly weather review},
  volume={131},
  number={8},
  year={2003}
}

@article{Kasahara_74,
author = {Kasahara, Akira},
title = {Various Vertical Coordinate Systems Used for Numerical Weather Prediction},
journal = {Monthly Weather Review},
volume = {102},
number = {7},
pages = {509-522},
year = {1974},
doi = {10.1175/1520-0493(1974)102<0509:VVCSUF>2.0.CO;2},
URL = { https://doi.org/10.1175/1520-0493(1974)102<0509:VVCSUF>2.0.CO;2 },
eprint = { https://doi.org/10.1175/1520-0493(1974)102<0509:VVCSUF>2.0.CO;2 }
}

@Article{Janjic_94,
  author =    {Janjic, Z. I.},
  title =    {The step-moutnain {E}ta coordinate model: Further development
                  of the convection viscous sublayer and turbulence closure
                  schemes},
  journal =    {Mon. Wea. Rev},
  year =    1994,
  volume =   122,
  pages =   {927-945}
}

@Article{Joyce_04,
  author =    {Joyce, R. J. and Janowiak, J. E. and Arkin, P. A. and Xie, P.},
  title =    {A method that produces global precipitation estimates from
                  passive microwave and infrared data at high spatial and
                  temporal resolution},
  journal =    {J. Hydromet.},
  year =    2004,
  volume =   5,
  pages =   {487-503}
}

@Article{Kain_93,
  author =    {Kain, J. S. and Fritsch, J. M.},
  title =    {Convective parameterization for mesoscale models: The
                  {K}ain-{F}ritsch scheme. The representation of cumulus
                  convection in numerical models},
  journal =    {Meteor. Monogr.},
  year =    1993,
  volume =   24,
  pages =   {165-170},
  note =   {Amer. Meteor. Soc.}
}

@Article{Kalnay_96,
  author =    {Kalnay, E. and Kanamitsu, M. and Kistler, R. and others},
  title =    {The {NCEP/NCAR} 40-year reanalysis project},
  journal =    {Bull. Amer. Meteor. Soc.},
  year =    1996,
  volume =   77,
  pages =   {437-471}
}

@Article{Kato_99,
  author =    {Kato, H. and H. Hirakuchi and K. Nishizawa and F. Giorgi},
  title =    {Performance of NCAR RegCM in the simulation of June and
                  January climate over eastern Asia and the high-resolution
                  effect of the model},
  journal =    {J. Geophys. Res.},
  year =    {1999},
  volume =    {104},
  pages =    {6455-6476}
}

@TechReport{Kiehl_96,
  author =    {Kiehl, J. T. and J. J. Hack and G. B. Bonan and B. A. Boville
                  and B. P. Breigleb and D.L. Williamson and P.J. Rasch},
  title =    {Description of the NCAR Community Climate Model (CCM3)},
  institution =  {National Center for Atmospheric Research},
  year =    {1996},
  key =    {},
  type =    {},
  number =    {NCAR/TN-420+STR},
  address =    {},
  month =    {},
  note =    {},
  annote =    {}
}

@TechReport{Kinter_97,
  author =    {Kinter, J. L. and DeWitt, D. and Dirmeyer, P.A. and
                  Fennessy, M.J. and others},
  title =    {The {COLA} atmosphere-biosphere general circulation model.
                  Volume {I}: Formulation},
  institution =  {COLA},
  year =    1997,
  number =   51,
  note =   {46 pp.}
}

@Article{Klemp_1978,
  author =  {Klemp, J.B. and Wilhelmson, R.B.},
  title =  {The simulation of three-dimensional convective storm dynamics},
  journal =  {J. Atmos. Sci.},
  year =  {1978},
  volume =  {35},
  pages =  {1070-1096}
}

@Article{Kousky_79,
  author =       {Kousky, V. E.},
  title =        {Frontal influences on {N}ortheast {B}razil},
  journal =      {Mon. Wea. Rev.},
  year =         {1979},
  volume = {107},
  pages = {1140-1153}
}

@Article{Kodama_92,
  author =       {Kodama, Y.},
  title =        {Large-scale common features of subtropical precipitation zones
                  (the {B}aiu frontal zone, the {SPCZ}, and the {SACZ}). {P}art
                  {I}: Characteristics of the subtropical frontal zones},
  journal =      {J. Meteor. Soc. Japan.},
  year =         {1992},
  volume = {70},
  pages = {813-836}
}

@Article{Kodama_93,
  author =       {Kodama, Y.},
  title =        {Large-scale common features of subtropical precipitation zones                  (the Baiu frontal zone, the {SPCZ}, and the {SACZ}). Part II:
                  Conditions of the circulation for generating the {STCZ}s},
  journal =      {J. Meteor. Soc. Japan.},
  year =         {1993},
  volume = {71},
  pages = {581-610}
}

@Article{Kousky_84,
  author =       {Kousky, V. E. and Kagano, M. T. and Cavalcanti, I. A. },
  title =        {A review of the {S}outhern {O}scillation:  oceanic-atmospheric
                  circulation change and related rainfall anomalies},
  journal =      {Tellus},
  year =         {1984},
  volume = {36A},
  pages = {490-504}
}

@Article{Kousky_88,
  author =       {Kousky, V. E.},
  title =        {Pentad outgoing long wave radiation climatology for the
                  {S}outh {A}merica sector},
  journal =      {Revista Brasileira de Meteorologia},
  year =         {1988},
  volume = {3},
  pages = {217-231}
}

@Article{Kousky_06,
  author =       {Kousky, V. E. and R. W. Higgins},
  title =        {An Alert Classification System for Monitoring and Assessment
                  of the {ENSO} Cycle},
  journal =      {Wea. Forecasting},
  year =         {2006},
  volume = {},
  pages = {submitted},
  notes = {submitted}
}

@Article{Kuo_74,
  author =    {Kuo, S.-L.},
  title =    {Further studies of the parameterization of the effect of
                  cumulus convection on large-scale flow},
  journal =    {J. Atmos. Sci.},
  year =    {1974},
  volume =    {31},
  pages =    {1232-1240}
}

@Article{Lacis_74,
  author =    {Lacis, A. A. and Hansen, J.},
  title =    {A parameterization for the absorption of solar radiation in
                  the {e}arth's atmosphere},
  journal =    {J. Atmos. Sci.},
  year =    1974,
  volume =   31,
  pages =   {118-133}
}

@Article{Lenters_95,
  author =    {Lenters, J. D. and Cook, K. H.},
  title =    {Simulation and diagnosis of the regional summertime
                  precipitation climatology of South America},
  journal =    {J. Climate},
  year =    1995,
  volume =   8,
  pages =   {2988-3005}
}

@Article{Lenters_99,
  author =    {Lenters, J. D. and Cook, K. H.},
  title =    {Summertime precipitation variability over {S}outh {A}merica:
                  Role of the large scale circulation},
  journal =    {Mon. Wea. Rev.},
  year =    1999,
  volume =   125,
  pages =   {279-291}
}

@Article{Leung_99,
  author =    {Leung, L. R. and S. J. Ghan and Z.-C. Zhao and Y. Luo and
                  W. -C. Wang and H. -L. Wei},
  title =    {Intercomparison of regional climate simulations of the 1991
                  summer monsoon in eastern Asia},
  journal =    {J. Geophys. Res.},
  year =    {1999},
  volume =    {104},
  pages =    {6425-6454},
}

@Article{Liebmann_01 ,
  author =       {Liebmann, B. and J. A. Marengo},
  title =        {Interannual variability of the rainy season and rainfall in
                  the {B}razilian {A}mazon basin},
  journal =      {J. Climate},
  year =          2001,
  volume =        14,
  pages =        {4308-4318}
}

@Article{Liebmann_04,
  author =    {Liebmann, B. and Kiladis, G. N. and Vera, C. and Saulo,
                  A. C. and Carvalho, L. M. V.},
  title =    {Subseasonal variations of rainfall in {S}outh {A}merica in
                  the vicinity of the Low Level Jet East of the Andes and
                  comparison to those in the South Atlantic Convergence Zone},
  journal =    {J. Climate},
  year =    2004,
  volume =   19,
  pages =   {3829-3842}
}

@Article{Liebmann_05,
  author =       {B. Liebmann and D. Allured},
  title =        {Daily precipitation grids for {S}outh {A}merica},
  journal =      {Bull. Amer. Meteor. Soc.},
  year =         2005,
  volume = 86,
  pages = {1567-1570}
}

@Article{Liebmann_06,
  author =       {B. Liebmann and S. J. Camargo and A. Seth and J. A. Marengo
                  and L. M. V. Carvalho and D. Allured and R. Fu and
                  C. S. Vera},
  title =        {Onset and end of the rainy season in {S}outh {A}merica ini
                  observations and the {ECHAM}4.5 {A}tmospheric {G}eneral
                  {C}irculation {M}odel},
  journal = {J. Climate},
  year =         2005,
  note =   {submitted}
}

@Article{Liu_94,
  author =    {Liu, Y. -Q. and F. Giorgi and W. Washington},
  title =    {Simulation of summer monsoon climate over {E}ast {A}sia with
                  NCAR regional climate model},
  journal =    {Mon. Wea. Rev.},
  year =    {1994},
  volume =    {122},
  pages =    {2331-2348}
}

@Article{Liu_96,
  author =    {Liu, Y. -Q. and R. Avissar and F. Giorgi},
  title =    {A simulation with the regional climate model {R}eg{CM}2 of
                  extremely anomalous precipitation during the 1991 East Asian
                  flood: An evaluation study},
  journal =    {J. Geophys. Res.},
  year =    {1996},
  volume =    {101},
  pages =    {26199-26216}
}

@Article{Machado_98,
  author =    {Machado, L. A. T. and Rossow, W. B. and Guedes, R. L. and
                  Walker, A. W.},
  title =    {Life cycle variations of mesoscale convective systems over
                  the {A}mericas},
  journal =    {Mon. Wea. Rev.},
  year =    1998,
  volume =   126,
  pages =   {1630-1654}
}

@Booklet{ccsp_03,
  author =   {Mahoney, J. and others},
  title =    {Strategic plan for the {U.S.} {C}limate {C}hange {S}cience
                  {P}rogram},
  howpublished = {U.S. Government},
  year =   2003
}

@Article{Marengo_01,
  author =    {Marengo, J. A. and B. Liebmann and V. E. Kousky and
                  N. P. Filizola and I. C. Wainer},
  title =    {Onset and end of the rainy season in the {B}razilian {A}mazon
                  basin},
  journal =    {J. Climate},
  year =    {2001},
  volume =   14,
  pages =   {833-852}
}

@Article{Marengo_02,
  author =    {Marengo, J. A. and Douglas, M. and {Silva Dias}, P.},
  title =    {The {S}outh {A}merican low level jet {E}ast of the {A}ndes
                  during {LBA-TRMM} and {WET AMC} campaign of {J}anuary-{A}pril
                  1999},
  journal =    {J. Geophys. Res.},
  year =    2002,
  volume =   107,
  number =   47,
  pages =   {1-11}
}

@Article{Marengo_04a,
  author =    {Marengo, J. A. and Soares, W. R. and Saulo, C. and Nicolini, M.},
  title =    {Climatology of the low level jet {E}ast of the {A}ndes as
                  derived from {NCEP-NCAR} reanalyses: Characteristics of
                  temporal variability},
  journal =    {J. Climate},
  year =    2004,
  volume =   17,
  number =   12,
  pages =   {2261-2280},
  month =   {June}
}

@Article{Marengo_04b,
  author =    {Marengo, J. A. and Fisch, G. and Morales, C. and Vendrame, I.
                  and Dias, P.},
  title =    {Diurnal variability of rainfall in {S}outhwest {A}mazonia
                  during the {LBA-TRMM} field campaign of the {A}ustral summer
                  of 1999},
  journal =    {Acta Amazonica},
  year =    2004,
  volume =   34,
  number =   4,
  pages =   {593-603}
}

@Article{Marengo_03,
  author =    {Marengo, J.A. and Cavalcanti, I. F. A. and Satyamurty,
                  P. and others},
  title =    {Assessment of regional seasonal rainfall predictability using
                  the {CPTEC-COLA AGCM}},
  journal =    {Climate Dyn.},
  year =    2003,
  volume =   21,
  pages =   {459-475}
}

@Article{Marinucci_92,
  author =    {Marinucci, M. R. and F. Giorgi},
  title =    {A 2xCO2 climate change scenario over Europe generated using a
                  limited area model nested in a general circulation model,
                  I: Present-day climate simulation},
  journal =    {J. Geophys. Res.},
  year =    {1992},
  volume =    {97},
  pages =    {9989-10009},
}

@Article{Mearns_95,
  author =    {Mearns, L. O. and F. Giorgi and L. McDaniel and
                  C. Shields Brodeur},
  title =    {Analysis of daily variability and diurnal range of temperature
                  in a nested regional climate model: {C}omparison with
                  observations and doubled {CO}$_2$ results},
  journal =    {Climate Dyn.},
  year =    {1995},
  volume =    {11},
  pages =    {193-209},
}

@Article{Meaetal.95,
  author =       {Mearns, L. O. and F. Giorgi and L. McDaniel and C. Shields},
  title =        {Analysis of daily variability of precipitation in a nested
                  regional climate model: {C}omparison with observations and
                  doubled {CO}$_2$ results},
  journal =      {Global Planet. Change},
  year =          1995,
  volume =        10,
  pages =        {55-78}
}

@Article{Mearns_99,
  author =    {Mearns, L. O. and I. Bogardi and  F. Giorgi and
                  I. Matyasovszky and M. Palecki},
  title =    {Comparison of climate change scenarios generated from regional
                  climate model experiments and statistical downscaling},
  journal =    {J. Geophys. Res.},
  year =    {1999},
  volume =    {104},
  pages =    {6603-6621},
}

@Article{Mearns_99b,
  author =    {Mearns, L.O. and  T. Mavromatis and E. Tsvetsinskaya},
  title =    {Comparative responses of EPIC and CERES crop models to high
                  and low spatial resolution climate change scenarios},
  journal =    {J. Geophys. Res.},
  year =    {1999},
  volume =    {104},
  pages =    {6623-6646},
}

@TechReport{Mechoso_05,
  author =    {Mechoso, C. R. and Robertson, A. W. and Ropelewski,
                  C. F. and Grimm, A. M.},
  title =    "The {A}merican monsoon systems",
  institution =  {WMO},
  year =    2005,
  note =   {Revew Topic A4}
}

@Article{Meeetal.05,
  author =    {Meehl, G. A. and Arblaster, J. M. and Lawrence, D. M. and
                  Seth, A. and Schneider, E. K. and Kirtman, B. P. and Min, D.},
  title =    {Monsoon regimes in the {CCSM3}},
  journal =    {J. Climate},
  year =    2005,
  note =   {CCSM3 special issue, in review}
}

@Misc{Menendez_04,
  author =   {Men{\'e}ndez, C. G. and Cabr{\'e}, M. F. and
                  Nu{\~n}ez, M. N.},
  title =   {Interannual and diurnal variability of {J}anuary precipitation
                  over subtropical {S}outh {A}merica simulated by a regional
                  climate model},
  howpublished = {CLIVAR Exchanges},
  month =   {March},
  year =   2004
}

@Book{Mesinger_76,
  title =  {Numerical Methods Used in Atmospheric Models},
  author = {Mesinger, F. and Arakawa, A.},
  volume = {1},
  year=    {1976},
  howpublished = {International Council of Scientific Unions},
  publisher={World Meteorological Organization, Geneva}
}

@Article{Mesinger_88,
  author =    {Mesinger, F. and Janjic, Z. and Nickovic, S. and Gavrilov,
                  D. and Deaven, D.},
  title =    {The step-mountain coordinate: Model description and
                  performance for cases of {A}lpine lee cyclogenesis and for a
                  case of {A}ppalachian redevelopment},
  journal =    {Mon. Wea. Rev.},
  year =    1988,
  volume =   116,
  pages =   {1493-1518}
}

@Article{Morcrette_86,
  author =       {Morcrette, J.-J. and L. Smith and Y. Fouquart},
  title =        {Pressure and temperature dependence of the absorption in
                  longwave radiation parameterizations.},
  journal =      {Beitr. Phys. Atmos.},
  year =         1986,
  volume = 59,
  pages = {455-469}
}

@Article{Moura_04,
  author =       {Moura, A. D. and S. Hastenrath},
  title =        {Climate prediction for {B}razil{’}s {N}ordeste: Performance
                  of empirical and numerical modeling methods},
  journal =      {J. Climate},
  year =         2004,
  volume = {17},
  pages = {2667-2672}
}

@Article{Murphy_99,
  author =       {Murphy, J.},
  title =        {An evaluation of statistical and dynamical techniques for
                  downscaling local climate},
  journal =      {J. Climate},
  year =          1999,
  volume =        12,
  pages =        {2256-2284}
}

@Article{Nesbitt_03,
  author =    {Nesbitt, S. W. and Zipser, E. J.},
  title =    {The diurnal cycle of rainfall and convective intensity
                  according to three years of {TRMM} measurements},
  journal =    {J. Climate},
  year =    2003,
  volume =   16,
  pages =   {1456-1475}
}

@Article{Negri_02,
  author =    {Negri, A. J. and Bell, T. L. and Xu, L.},
  title =    {Sampling of the diurnal cycle of precipitation using {TRMM}},
  journal =    {J. Atmos. Ocean. Tech.},
  year =    2002,
  volume =   19,
  pages =   {1333-1344}
}

@Article{New_00,
  author =    {New, M. G. and Hulme, M. and Jones, P. D.},
  title =    {Representing 20th century space-time climate variability.
                  Part II: Development of 1901-96 monthly grids of terrestrial
                  surface climate},
  journal =    {J. Climate},
  year =    2000,
  volume =   13,
  pages =   {2217-2238}
}

@Article{Nicetal.02,
  author =    {Nicolini, M. and Saulo, A. C. and Torres, J. C. and
                  Salio, P.},
  title =    {Enhanced precpitation over southeastern {S}outh {A}merica
                  related to strang low level jet events during {A}ustral warm
                  season},
  journal =    {Meteorologica},
  year =    2002,
  volume =   27,
  pages =   {59-69}
}

@Misc{Nicolini_04,
  author =   {Nicollini, M. and Salio, P. and Ulke, G. and others},
  title =   {South {A}merican low level jet diurnal cycle and three
                  dimensional structure},
  howpublished = {CLIVAR Exchanges},
  month =   {March},
  year =   2004
}

@Article{Nobre_96,
  author =       {Nobre, P. and J. Shukla},
  title =        {Variations of sea surface temperature, wind stress, and
                  rainfall over the tropical {A}tlantic and {S}outh {A}merica.},
  journal =      {J. Climate},
  year =         1996,
  volume = 9,
  pages = {2464-2479}
}

@Article{Nobre_01,
  author =       {P. Nobre and A. D. Moura and L. Sun},
  title =        {Dynamical downscaling of seasonal climate prediction over
                  {N}ordeste {B}razil with {ECHAM}3 and {NCEP}'s regional
                  spectral models at {IRI}},
  journal =      {Bull. Amer. Met. Soc.},
  year =         2001,
  volume = 82,
  pages = {2787-2796}
}

@Misc{NougesPaegle_00,
  author =   {Noug{\'e}s-Paegle, J. and Berbery, E. H.},
  title =   {Low level jets over the {A}mericas},
  howpublished = {CLIVAR Exchanges},
  year =   2000
}

@Article{NougesPaegle_02,
  author =    {Noug{\'e}s-Paegle, J. and Mechoso, C. R. and Fu, R. and
                  others},
  title =    {Progress in {P}an {A}merican {CLIVAR} research: Understanding
                  the {S}outh {A}merican {M}onsoon},
  journal =    {Meterologica},
  year =    2002,
  volume =   27,
  pages =   {3-30}
}

@Article{Paegle_98,
  author =    {Paegle, J.},
  title =    {A comparative review of {S}outh {A}merican low-level jets.},
  journal =    {Meteorologica},
  year =    {1998},
  volume =    {23},
  pages =    {73-81},
}

@Article{Pal_00,
  author =    {Pal, J. S. and E. E. Small and E. A. B. Eltahir},
  title =    {Simulation of regional-scale water and energy budgets:
                  Representation of subgrid cloud and precipitation processes
                  within {R}eg{CM}},
  journal =    {J. Geophys. Res.-Atmospheres},
  year =    {2000},
  volume =    {105},
  number =    {D24},
  pages =    {29579-29594},
}

@Article{Pal_07,
  author =    {Pal, J. S. and Giorgi, F. and Bi, X. and others},
  title =    {The {ICTP} {RegCM3} and {RegCNET}: Regional Climate Modeling
              for the Developing World},
  journal =  {Bull. Amer. Meteor. Soc.},
  year =    {2007},
  volume = {88},
  pages = {1395-1409},
}

@Article{Pan_99,
  author =    {Pan, Z.-T. and E. Takle and M. Segal and R. Arritt},
  title =    {Simulation of potential impacts of man-made land use changes
                  on U.S. summer climate under various synic regimes},
  journal =    {J. Geophys. Res.},
  year =    {1999},
  volume =    {104},
  pages =    {6515-6528},
}

@Article{Patterson_88,
  author =    {Patterson, J. C. and P. F. Hamblin},
  title =    {Thermal simulation of a lake with winter ice cover},
  journal =    {Limn. Oceanography},
  year =    {1988},
  volume =    {33},
  pages =    {323-338},
}


@Article{Phillips_57,
  author =    {Phillips, N. A.},
  title =    {A Coordinate System Having Some Special Advantages for Numerical Forecasting},
  journal =    {Journal of Meteorology},
  year =    {1957},
  volume =    {14},
  pages =    {184-185},
}

@Article{Osborne_98,
  author =       {Osborne, T. J., and M. Hulme},
  title =        {Evaluation of the European daily precipitation characteristics
                  from the atmospheric model intercomparison project},
  journal =      {Int. J. Climatol.},
  year =         {1998},
  volume = {18},
  pages = {505-522}
}

@Article{Palmer_04,
  author =       {Palmer, T. N. and F. J. Doblas-Reyes and R. Hagedorn and
                  A. Weisheimer},
  title =        {Probabilistic prediction of climate using multi-model
                  ensembles: {F}rom basics to applications},
  journal =      {Philosophical Transactions: Biological Sciences},
  year =         {2004},
  volume = {360},
  pages = {1991 - 1998}
}

@Article{Perkey_76,
  author =    {Perkey, D. J. and C. W. Kreitzberg},
  title =    {A time-dependent lateral boundary scheme for limited-area
                  primitive equation models},
  journal =    {Mon. Wea. Rev.},
  year =    {1976},
  key =    {},
  volume =    {104},
  number =    {},
  pages =    {744-755}
}

@Article{Qian_03,
  author =       {Qian, J.-H., A. Seth, and S. Zebiak},
  title =        {Reinitialized versus continuous simulations for regional
                  climate downscaling},
  journal =      {Mon. Wea. Rev.},
  year =         2003,
  volume = 131,
  pages = {2857-2874}
}

@Article{Qian_01,
  author =    {Qian, Y. and F. Giorgi and Y. Huang},
  title =    {Regional simulation of anthropogenic sulfur over East 
                  Asia and its sensitivity to model parameters},
  journal =    {Tellus},
  year =    {2001},
  key =    {},
  volume =    {53},
  number =    {},
  pages =    {171-191},
  month =    {},
  note =    {},
  annote =    {}
}

@Article{Qian_99,
  author =    {Qian, J.-H. and  F. Giorgi and M. Fox-Rabinovitz},
  title =    {Regional stretched grid generation and its application to
                  the NCAR RegCM},
  journal =    {J. Geophys. Res.},
  year =    {1999},
  volume =    {104},
  pages =    {6501-6513},
}

@Article{Rauscher_06a,
  author =    {Rauscher, S. A. and Seth, A. and Qian, J.-H. and
                  Camargo, S. J.},
  title =    {Domain choice in an experimental nested modeling prediction
                  system for {S}outh {A}merica},
  journal =    {Theor. App. Climatol.},
  year =    2006,
  note =   {in press}
}

@Unpublished{Rauscher_06b,
  author =    {Seth, A. and Rauscher, S. A. and Liebmann, B. and Qian,
                  J.-H.and Camargo, S. J.},
  title =    {Subseasonal statistics in nested model simulations and
                  observations for {S}outh {A}merica},
  year =    2005,
  note =   {in preparation}
}

@Article{Reynolds_02,
  author =       {Reynolds, R. W. and N. A. Rayner and T. M. Smith and
                  D. C. Stokes and W. Wang},
  title =        {An improved in situ and satellite {SST} analysis for
                  climate.},
  journal =      {J. Climate},
  year =         2002,
  volume = 15,
  pages = {1609-1625}
}

@TechReport{Roeckner_96,
  author =    {Roeckner, E. and Arpe, K. and Bengtsson, L. and others},
  title =    {The atmospheric general circulation model {ECHAM-4}: Model
                  description and simulation of present day climate},
  institution =  {Max-Planck Institute for Meteorology},
  year =    1996,
  number =   {218}
}

@Article{RojSet.03,
  author =       {Rojas, M. and A. Seth},
  title =        {Simulation and sensitivity in nested model for {S}outh
                  {A}merica. Part II: GCM boundary forcing},
  journal =      {J. Climate},
  year =         2003,
  volume = 15,
  pages = {2437-2453}
}

@Article{RopHal_87,
  author =       {C. F. Ropelewski and M. S. Halpert},
  title =        {Global and regional scale precipitation patterns associated
                  with the {E}l {N}i\~no/{S}outhern {O}scillation},
  journal =      {Mon. Wea. Rev.},
  year =         1987,
  volume = 115,
  pages = {1606-1626}
}

@Article{Salio_02,
  author =    {Salio, P. and Nicolini, M. and Saulo, A. C.},
  title =    {Chaco low level jet events characterization during the
                  {A}ustral summer season},
  journal =    {J. Geophys. Res.},
  year =    2002,
  volume =   107,
  number =       D24,
  pages =   4816,
  month =   {10.1029},
  note =   {2001JD001315}
}

@Article{Saulo_00,
  author =    {Saulo, A. C. and Nicolini, M. and Chou, S. C.},
  title =    {Model characterization of the {S}outh {A}merican low level
                  flow during the 1997-1998 spring-summer season},
  journal =    {Climate Dyn.},
  year =    2000,
  volume =   16,
  pages =   {867-881}
}

@Misc{Saulo_04,
  author =   {Saulo, C. and Ferreira, L. J. and Mejia, J. and Seluchi, M.},
  title =   {A description of the thermal low characteristics using
                  {SALLJEX} special observations},
  howpublished = {CLIVAR Exchanges},
  month =   {March},
  year =   2004
}

@Unpublished{Saulo_05b,
  author =    {Saulo, C. and Ruiz, J. and {Garcia Skabar}, Y.},
  title =    {Synergism between the low level jet and organized convection
                  at its exit region},
  year =   2005,
  note =    {in preparation}
}

@Misc{Saulo_05a,
  author =   {Saulo, A. C. and Noug{\'e}s-Paegle, J. and Kirtman, B. },
  title =   {Diurnal variability during {SALLJEX}},
  howpublished = {CLIVAR VAMOS Panel Meeting (VPM8)},
  month =   {March},
  year =   2005,
  note =   {Mexico City}
}

@Article{Schwarkopf_85,
  author =    {Schwarzkopf, M. D. and Fels, S. B.},
  title =    {Improvements to the algorithm for computing {CO2}
                  transmissivities and cooling rates},
  journal =    {J. Geophys. Res.},
  year =    1985,
  volume =   90,
  pages =   {10541-10550}
}

@Article{Seluchi_03,
  author =    {Seluchi, M. and Saulo, C. and Nicolini, M. and
                  Satyamurty, P.},
  title =    {The northwestern {A}rgentinian low: A study of two typical
                  events},
  journal =    {Mon. Wea. Rev.},
  year =    2003,
  volume =   131,
  pages =   {2361-2378}
}

@Article{Seth_98,
  author =    {Seth, A. and F. Giorgi},
  title =    {The effect of domain choice on summer precipitation simulation
                  and sensitivity in a regional climate model},
  journal =    {J. Climate},
  year =    {1998},
  volume =    {11},
  pages =    {2698-2712},
}

@Article{Seth_03,
  author =    {Seth, A. and Rojas, M.},
  title =    {Simulation and sensitivity in a nested modeling system for
                  {S}outh {A}merica. Part I: Reanalyses boundary forcing},
  journal =    {J. Climate},
  year =    2003,
  volume =   16,
  pages =   {2437-2453}
}

@Article{Seth_04,
  author =    {Seth, A. and M. Rojas and B. Liebmann and J.-H. Qian},
  title =    {Daily rainfall analysis for {S}outh {A}merica from a regional
                  climate model and station observations},
  journal =    {Geophysical Res. Lett.},
  year =    2004,
  volume =   31,
  pages =   {doi:10/1029/2003GL019220}
}

@Unpublished{Seth_06,
  author =    {Seth, A. and Rauscher, S. A. and Camargo, S. J. and Qian,
                  J.-H. and Pal, J. S.},
  title =    {Reg{CM} regional climatologies for {S}outh {A}merica using
                  {R}eanalysis and {ECHAM} global model driving fields},
  journal =    {Clim. Dyn.},
  year =    2006,
  note =   {submitted}
}

@Article{Shea_92,
  author =    {Shea, D. J. and  K. E. Trenberth and R. W. Reynolds},
  title =    {A global monthly sea surface temperature climatology},
  journal =    {J. Climate},
  year =    {1992},
  volume =    {5},
  pages =    {987-1001},
}

@Article{Simmons_89,
  author =    {Simmons, A. J. and D. M. Burridge and M. Jarraud and
                  C. Girard and W. Wergen},
  title =    {The {ECMWF} medium-range prediction models:  Development of
                  the numerical formulations and the impact of increased
                  resolution.},
  journal =    {Meteor. Atmos. Phys.},
  year =    {1989},
  volume =    {40},
  pages =    {28-60},
}

@Article{Slingo_80,
  author =    {Slingo, J.M.},
  title =    {A cloud parameterization scheme derived from GATE data for
                  use with a numerical model},
  journal =    {Quart. J. Roy. Meteor. Soc.},
  year =    {1980},
  key =    {},
  volume =    {106},
  number =    {},
  pages =    {341-362},
  month =    {},
  note =    {},
  annote =    {}
}

@Article{Small_99,
  author =    {Small, E. E. and F. Giorgi and L. C. Sloan},
  title =    {Regional climate model simulation of precipitation in central
                  Asia: Mean and interannual variability},
  journal =    {J. Geophys. Res.},
  year =    {1999},
  volume =    {104},
  pages =    {6563-6582},
}

@Article{Small_99b,
  author =    {Small, E. E. and L. C. Sloan},
  title =    {Simulating the water balance of the Aral Sea with a coupled
                  regional climate-lake model},
  journal =    {J. Geophys. Res.},
  year =    {1999},
  volume =    {104},
  pages =    {6583-6602},
}

@Article{Slingo_89,
  author =    {Slingo, J. M.},
  title =    {A GCM parameterization for the shortwave radiative properties
                  of water clouds},
  journal =    {J. Atmos. Sci.},
  year =    {1989},
  key =    {},
  volume =    {46},
  number =    {},
  pages =    {1419-1427},
  month =    {},
  note =    {},
  annote =    {}
}

@Article{Sundqvist_89,
  author =    {Sundqvist, H. and E. Berge and J. E. Kristjansson},
  title =    {The effects of domain choice on summer precipitation
                  simulation and sensitivity in a regional climate model},
  journal =    {J. Climate},
  year =    {1989},
  volume =    {11},
  pages =    {2698-2712},
}

@Article{Sun_05,
  author =       {Sun, L. and D. F. Moncunil and Huilan Li and A. D. Moura and
                  F. A. S. Filho},
  title =        {Climate Downscaling over {N}ordeste, {B}razil, Using the
                  {NCEP RSM97}},
  journal =      {J. Climate},
  year =         {2005},
  volume =       {18},
  pages =        {551-567}
}

@Article{Sun_06,
  author =       {Sun, L. and D. F. Moncunil and Huilan Li and A. D. Moura and
                  F. A. S. Filho and S. E. Zebiak},
  title =        {An operational dynamical downscaling prediction system for
                  {N}ordeste {B}razil and the 2002-04 real-time forecast
                  evaluation},
  journal =      {J. Climate},
  year =         {2006},
  volume =       {19},
  pages =        {1990-2007}
}

@Article{Toro_89,
  author =    {Toro, E.F.},
  title =    {A Weighted Average Flux method for hyperbolic conservation laws},
  journal =    {Proc. Royal Society London},
  year =    {1989},
  volume =   {A 423},
  pages =   {401-418}
}

@Article{Tiedtke_89,
  author =    {Tiedtke, M.},
  title =    {A comprehensive mass flux scheme for cumulus parameterization
                  on large scale models},
  journal =    {Mon. Wea. Rev.},
  year =    {1989},
  volume =   {117},
  pages =   {1779-1800}
}

@TechReport{Trenberth_92,
  author =    {Trenberth, K. E.},
  title =    {Global analyses from ECMWF and atlas of 1000 to 10mb
                  circulation statistics},
  institution =  {National Center for Atmospheric Research},
  year =    {1992},
  number =    {NCAR/TN-373+STR}
}

@Article{Uvo_98,
  author =    {Uvo, C. B. and C. A. Repelli and S. E. Zebiak and Y. Kushnir},
  title =    {The relationships between tropical {P}acific and {A}tlantic
                  SST and {N}ortheast {B}razil monthly precipitation},
  journal =    {J. Climate},
  year =    {1998},
  volume =   {11},
  pages =   {551-562}
}

@Article{Vannitsem_05,
  author =    {Vannitsem, S. and Chomé F.},
  title =    {One-Way Nested Regional Climate Simulations and Domain Size},
  journal =    {J. Climate},
  year =    {2005},
  volume =   {18},
  pages =   {229-233}
}

@Article{Velasco_87,
  author =    {Velasco, I. and Fristch, J. M.},
  title =    {Mesoscale convective complexes in the {A}mericas},
  journal =    {J. Geophys. Res.},
  year =    {1987},
  volume =   {92},
  pages =   {9591-9613}
}

@Misc{Vera_04,
  author =   {Vera, C.},
  title =   {Introduction to the {S}outh {A}merican {L}ow {L}evel {J}et
                  {EX}periment ({SALLJEX})},
  howpublished = {CLIVAR Exchanges},
  month =   {March},
  year =   {2004}
}

@Article{Vera_05,
  author =    {Vera, C. and Higgins, W. and Amador, J. and others},
  title =    "A unified view of the {A}merican monsoon systems",
  journal =    {J. Climate},
  year =    {2005},
  note =   {CLIVAR Special Issue}
}

@Article{Virji_81,
  author =    {Virji, H.},
  title =    {A preliminary study of summertime tropospheric circulation
                  patterns over {S}outh {A}merica estimated from cloud winds},
  journal =    {Mon. Wea. Rev.},
  volume =       {109},
  year =    {1981},
  pages = {599-610}
}

@Article{Wang_02,
  author =       {H. Wang and R. Fu},
  title =        {Cross-equatorial flow and seasonal cycle of precipitation
                  over {S}outh {A}merica.},
  journal =      {J. Climate},
  year =         {2002},
  volume = {15},
  pages = {1591-1608}
}

@Article{XieArkin_96,
  author =    {P. Xie and P. A. Arkin},
  title =    {Analysis of global monthly precipitation using gauge
                  observation, satellite estimates and numerical model
                  predictions},
  journal =    {J. Climate},
  year =    {1996},
  volume =   {9},
  pages =   {840-858}
}

@Article{XieArkin_97,
  author =    {P. Xie and P. A. Arkin},
  title =    {Global precipitation: A 17-year monthly analysis based on
                  gauge observations, satellite estimates and numerical model
                  outputs},
  journal =    {BAMS},
  year =    {1997},
  volume =   {78},
  pages =   {2539-2558}
}

@Article{Xue_91,
  author =    {Y. Xue and P. J. Sellers and and J. L. Kinter and J. Shukla},
  title =    {A simplified biosphere model for global climate studies},
  journal =    {J. Climate},
  year =    {1991},
  volume =   {4},
  pages =   {345-364}
}

@Article{Yang_01,
  author =    {Yang, G.-Y. and Slingo, J.},
  title =    {The diurnal cycle in the tropics},
  journal =    {Mon. Wea. Rev.},
  year =    {2001},
  volume =   {129},
  pages =   {784-801}
}

@Misc{Yasunari_05,
  author =   {Yasunari, T. and others},
  title =   {Prediction Working Group Report},
  howpublished = {1st Pan-WCRP Meeting on Monsoon Climate Systems},
  month =   {June},
  year =   {2005},
  note =   {Irvine, CA}
}

@Article{Zeng_98,
  author =    {Zeng, Xubin and Ming Zhao and Robert E. Dickinson},
  title =    {Intercomparison of Bulk Aerodynamic Algoriths for the
                  Computation of Sea Surface Fluxes Using TOGA COARE and TAO
                  Data},
  journal =    {J. Climate},
  year =    {1998},
  volume =    {11},
  pages =    {2628-2644},
}

@Article{Zhang_88,
  author =       "Zhang, D. -L. and Hsie, E. -Y. and Moncrieff, M. W.",
  title =        "A comparison of explicit and implicit predictions of
                  convective and stratiform precipitating weather systems
      with a meso-$\beta$-scale numerical model",
  journal =       {QJRMS},
  year =         "1988",
  volume =       "114",
  pages =        "31-60",
}

@Article{Zhang_95,
  author =    {Zhang, G.-J. and N. A. McFarlane},
  title =    {Sensitivity of climate simulations to parameterization of
                  cumulus convection in the Canadian Climate Centre general
                  circulation model},
  journal =    {Atmos. Ocean},
  year =    {1995},
  volume =    {33},
  pages =    {407-446}
}

@Article{Zhao_97,
  author =    {Zhao, Q. Y. and Carr, F. H. and Lesins, G. B.},
  title =    {A prognostic cloud scheme for operational {NWP} models},
  journal =    {Mon. Wea. Rev.},
  year =    1997,
  volume =   125,
  pages =   {1931-1953}
}

@Article{Zangl_12,
  author =    {Z\:angl, G.},
  title =    {Extending the numerical stability of terrain following coordinate models over steep slopes},
  journal =    {Mon. Wea. Rev.},
  year =    2012,
  volume =   140,
  pages =   {3722-3733}
}

@Article{Zhou_02,
  author =       {Zhou, J. and K.-M. Lau},
  title =        {Intercomparison of model simulations of the impact of 1997/98
                  {E}l {N}i\~no on {S}outh {A}merican summer monsoon},
  journal =      {Meteorologica},
  year =         2002,
  volume = 27,
  pages = {99-116}
}

@Misc{Zipser_04,
  author =   {Zipser, E. J. and Salio, P. and Nicolini, M.},
  title =   {Mesoscale convective systems activity during {SALLJEX} and
                  the relationship with {SALLJ} events},
  howpublished = {CLIVAR Exchanges},
  month =   {March},
  year =   {2004}
}

@Article{Zeng_05,
  author =    {Zeng, X.},
  title =    {A prognostic scheme of sea surface skin temperature for
                  modeling and data assimilation},
  journal =    {Geophysical Research Letters},
  year =    {2005},
  OPTkey =    {},
  volume =    {32},
  OPTnumber =    {},
  OPTpages =    {},
  OPTmonth =    {},
  note =    {L14605},
  annote =    {doi:10.1029/2005GL023030}
}

@Article{Fairall_96,
  author =    {Fairall, C.W. and E.F. Bradley and J.S. Godfrey and G.A. Wick
                  and J.B. Edson and G.S. Young},
  title =    {Cool-skin and warm layer effects on sea surface temperature},
  journal =    {Journal of Geophysical Research},
  year =    {1996},
  OPTkey =    {},
  volume =    {101},
  OPTnumber =    {},
  pages =    {1295-1308},
  OPTmonth =    {},
  OPTnote =    {},
  OPTannote =    {}
}

@Article{Steiner_09,
  author =    {Steiner, A. L. and J. S. Pal and S. A. Rauscher and
                  J. L. Bell and N. S. Diffenbaugh and A. Boone and
                  L. C. Sloan and F. Giorgi},
  title =    {Land surface coupling in regional climate simulations of the
                  {W}est {A}frican monsoon},
  journal =    {Climate Dynamics},
  year =    {2009},
  OPTkey =    {},
  volume =    {33},
  number =    {6},
  pages =    {869-892},
  OPTmonth =    {},
  OPTnote =    {},
  OPTannote =    {}
}

@TechReport{Oleson_04,
  author =    {Oleson, K.W. et al},
  title =    {Technical Description of the {C}ommunity {L}and {M}odel
                  ({CLM})},
  institution =  {NCAR},
  year =    {2004},
  OPTkey =    {},
  OPTtype =    {},
  number =    {Technical Note NCAR/TN-461+STR},
  OPTaddress =    {},
  OPTmonth =    {},
  OPTnote =    {},
  OPTannote =    {}
}

@Article{Oleson_08,
  author =    {Oleson, K. W. and G. Y. Niu and Z. L. Yang and D. M. Lawrence
                  and P. E. Thornton and P. J. Lawrence and R. Stockli and
                  R. E. Dickinson and G. B. Bonan and S. Levis and A. Dai and
                  T. Qian},
  title =    {Improvements to the {C}ommunity {L}and {M}odel and their
                  impact on the hydrological cycle},
  journal =    {Journal of Geophysical Research-Biogeosciences},
  year =    {2008},
  OPTkey =    {},
  volume =    {113},
  number =    {G1},
  OPTpages =    {},
  OPTmonth =    {},
  OPTnote =    {},
  OPTannote =    {}
}

@Article{Lawrence_07,
  author =    {Lawrence, P.J. and T.N. Chase},
  title =    {Representing a new {MODIS} consistent land surface in the
                  {C}ommunity {L}and {M}odel ({CLM}3.0)},
  journal =    {J. Geophys. Res.},
  year =    {2007},
  OPTkey =    {},
  volume =    {112},
  OPTnumber =    {},
  OPTpages =    {},
  OPTmonth =    {},
  note =    {G01023},
  annote =    {doi:10.1029/2006JG000168}
}

@Article{Collins_06,
  author =    {Collins, W. D. and C. M. Bitz and M. L. Blackmon and
                  G. B. Bonan and C. S. Bretherton and J. A. Carton and
                  P. Chang and S. C. Doney and J. J. Hack and T. B. Henderson
                  and J. T. Kiehl and W. G. Large and D. S. McKenna and
                  B. D. Santer and R. D. Smith},
  title =    {The {C}ommunity {C}limate {S}ystem {M}odel version 3
                  ({CCSM}3)},
  journal =    {Journal of Climate},
  year =    {2006},
  OPTkey =    {},
  volume =    {19},
  OPTnumber =    {},
  pages =    {2122-2143},
  OPTmonth =    {},
  OPTnote =    {},
  OPTannote =    {}
}

@Article{Solmon_08,
  author =    {Solmon, F and Mallet, M. and Elguindi, N. and Giorgi, F. and
              Zakey, A. and and Konare, A.},
  title =    {Dust aerosol impact on regional precipitation over western
              Africa, mechanisms and sensitivity to absorption properties},
  journal =    {Geophysical Research Letters},
  year =    {2008},
  OPTkey =    {},
  volume =    {35},
  OPTnumber =    {},
  OPTpages =    {},
  OPTmonth =    {},
  note =    {L24705},
  annote =    {doi:10.1029/2008GL035900},
}

@Article{Marticorena_05,
  author =    {Laurent, B. and Marticorena, B. and Bergametti, G. and
              Leon, JF and Mahowald, NM},
  title =    {Modeling mineral dust emissions from the Sahara desert using new
              surface properties and soil database},
  journal =    {Journal of Geophysical Research},
  year =    {2008},
  OPTkey =    {},
  volume =    {113},
  OPTnumber =    {},
  OPTpages =    {},
  OPTmonth =    {},
  note =    {D14218},
  annote =    {doi:10.1029/2007JD009484},
}

@Article{Alfaro_01,
  author =    {Alfaro, S. C. and Gomes, L.},
  title =    {Modeling mineral aerosol production by wind erosion: Emission
              intensities and aerosol size distributions in source areas},
  journal =    {Journal of Geophysical Research},
  year =    {2001},
  OPTkey =    {},
  volume =    {106},
  OPTnumber =    {},
  OPTpages =    {18,075-18,084},
  OPTmonth =    {},
  note =    {D16},
  annote =    {doi:10.1029/2000JD900339},
}

@Article{Kueppers_08,
  author =    {Kueppers, L.M. and Snyder, M. A. and Sloan, L.C. and Cayan, D.
    and Jin, J. and Kanamaru, H. and Kanamitsu, M. and Miller, N. L. and
    Tyree, M. and Due, H. and Weare, B.},
  title =    {Seasonal temperature response to land-use change in the
              western United States.},
  journal =    {Global and Planetary Change},
  year =    {2008},
  OPTkey =    {},
  volume =    {60},
  OPTpages =    {250-264},
  OPTissue =    {3-4},
  annote =    {doi:10.1016/j.gloplacha.2007.03.005},
}

@Article{OBrien_12a,
  AUTHOR = {O'Brien, T.~A. and Chuang, P.~Y. and Sloan, L.~C. and Faloona, I.~C. and Rossiter, D.~L.},
  TITLE = {Coupling a new turbulence parametrization to RegCM adds realistic stratocumulus clouds},
  JOURNAL = {Geoscientific Model Development},
  VOLUME = {5},
  YEAR = {2012},
  NUMBER = {4},
  PAGES = {989--1008},
  URL = {http://www.geosci-model-dev.net/5/989/2012/},
  DOI = {10.5194/gmd-5-989-2012}
}

@Article{OBrien_12b,
  author = {O’Brien, T.~A. and Sloan, L.~C. and Chuang, P.~Y. and Faloona, I.~C. and Johnstone, J.~A.},
  title = {Multidecadal simulation of coastal fog with a regional climate model},
  journal = {Climate Dynamics},
  pages = {1-12},
  year = {2012},
  doi = {10.1007/s00382-012-1486-x},
}

@Article{Grenier_01,
  author =    {Grenier, H. and Bretherton, C. S.},
  title =    {A Moist PBL Parameterization for Large-Scale Models and Its
    Application to Subtropical Cloud-Topped Marine Boundary Layers},
  journal = {Monthly Weather Review},
  year =    {2001},
  volume =    {129},
  pages =    {357-377},
}

@Article{Bretherton_04,
  author =    {Bretherton, C. S. and McCaa, J.R. and Grenier, H.},
  title =    {A New Parameterization for Shallow Cumulus Convection and Its
    Application to Marine Subtropical Cloud-Topped Boundary Layers. Part I:
      Description and 1D Results},
  journal = {Monthly Weather Review},
  year =    {2004},
  volume =    {132},
  pages =    {864-882},
}

@ARTICLE{Galperin_88,
   author = {Galperin, B. and Kantha, L. H. and Hassid, S. and Rosati, A.},
  title = {A Quasi-equilibrium Turbulent Energy Model for Geophysical Flows},
  journal = {Journal of the Atmospheric Sciences},
  year = {1988},
  volume = {45},
  pages = {55--62},
  number = {1},
}

@Article{Guettler_13,
  author="G{\"u}ttler, Ivan and Brankovi{\'{c}}, {\v{C}}edo
    and O'Brien, Travis A.  and Coppola, Erika
    and Grisogono, Branko and Giorgi, Filippo",
  title="Sensitivity of the regional climate model RegCM4.2 to planetary boundary layer parameterisation",
  journal="Climate Dynamics",
  year="2014",
  month="Oct",
  day="01",
  volume="43",
  number="7",
  pages="1753--1772",
  issn="1432-0894",
  doi="10.1007/s00382-013-2003-6",
  url="https://doi.org/10.1007/s00382-013-2003-6"
}

%%% A %%%
%
@article{andrews:12b,
  title={Forcing, feedbacks and climate sensitivity in CMIP5 coupled atmosphere-ocean climate models},
  author={Andrews, Timothy and Gregory, Jonathan M and Webb, Mark J and Taylor, Karl E},
  journal={Geophysical Research Letters},
  volume={39},
  number={9},
  year={2012},
  publisher={Wiley Online Library}
}

@Article{anthes:77,
  author =   {R. A. Anthes},
  title =    "{A cumulus parameterization scheme utilizing a one-dimensional cloud model}",
  journal =       mwr,
  year =    {1977},
  volume =   105,
  pages =   "{270-286}"
}

@article{barkstrom:86,
  title={The earth radiation budget experiment: Science and implementation},
  author={B. R. Barkstrom and G. L. Smith},
  journal= revgeo,
  volume={24},
  number={2},
  pages="{379-390}",
  year={1986},
}

@article{beheng:94,
  title  = "{A parameterization of warm cloud microphysical conversion processes}",
  author = {K. D. Beheng},
  journal= atres,
  volume = {33},
  pages  = "{193-206}",
  year   = {1994},
}

@article{bony:97a,
  title="{Sea surface temperature and large-scale circulation influences on tropical greenhouse effect and cloud radiative forcing}",
  author={S. Bony and K. M. Lau and Y.C. Sud},
  journal= jc,
  volume={10},
  pages="{2055-2077}",
  year={1997}
}

@article{budyko:69,
  title="{The effect of solar radiation variations on the climate of the earth}",
  author={M. I. Budyko},
  journal=tellus,
  volume={21},
  pages="{611-619}",
  year={1969},
}

@article{cess:96,
  title={Cloud feedback in atmospheric general circulation models: An update},
  author={R. D. Cess and  M. H. Zhang and W. J. Ingram and G. L. Potter and V. Alekseev and Barker, HW and Cohen-Solal, E and Colman, RA and Dazlich, DA and Del Genio, AD and others},
  journal={Journal of Geophysical Research: Atmospheres (1984--2012)},
  volume={101},
  number={D8},
  pages={12791--12794},
  year={1996},
  publisher={Wiley Online Library}
}

@Book{pielke_02,
  title=  {Mesoscale Meteorological Modeling},
  author=  {Pielke, S.R.},
  year=    {2002},
  publisher={Academic Press},
  pages = {676}
}

@Book{charney:79,
  title=  "{Carbon dioxide and climate: a scientific assessment}",
  author=  {J. G. Charney and A. Arakawa and F. J. Baker and B. Bolin and R. E. Dickinson and R. M. Goody and C. E. Leith and H. M. Stommel and C. I. Wunsch},
  year=    {1979},
  publisher={Washington, DC: National Academy of Sciences Press}
}

@article{clement:09,
  title={Observational and model evidence for positive low-level cloud feedback},
  author={A. C. Clement and R. Burgman and J. R. Norris},
  journal={Science},
  volume={325},
  pages={460-464},
  year={2009},
}

@Article{delgenio:96,
  author =          {A. D. DelGenio and M. S. Yao and W. Kovari and K. K. W. Lo},
  title =          "{A prognostic cloud water parameterization for global climate models}",
  journal =          jc,
  year =          {1996},
  volume =        {9},
  pages =         "{270-304}"
}

@Book{dickinson:93,
  author =   {R. E. Dickinson and A. Henderson-Sellers and P. J. Kennedy},
  title =    "{Biosphere-atmosphere transfer scheme (bats) version 1e as coupled to the ncar community climate model}",
  publisher =     {Tech. Rep., National Center for Atmospheric Research},
  year =    {1993},
  volume =   {},
  pages =   "{}"
}

@Book{dickinson:86,
  author =   {R. E. Dickinson and A. Henderson-Sellers and M. Wilson},
  title =    "{Biosphere-atmosphere transfer scheme (bats) for the ncar community climate model}",
  publisher =     {Tech. Rep. NCARE/TN-275+STR, National Center for Atmospheric Research},
  year =    {1986},
  volume =   {},
  pages =   "{}"
}

@article{dufresne:08,
  title={An assessment of the primary sources of spread of global warming estimates from coupled atmosphere-ocean models},
  author={J-L. Dufresne and S. Bony},
  journal={Journal of Climate},
  volume={21},
  number={19},
  pages={5135--5144},
  year={2008}
}

@article{ellis:78,
  title="{Cloudiness, the planetary radiation budget, and climate}",
  author={J. S. Ellis},
  journal = {},
  year={1978}
}

@Article{emanuel:91,
  author =   {K. A. Emanuel},
  title =    "{A scheme for representing cumulus convection in large-scale models}",
  journal =       jas,
  year =    {1991},
  volume =   48,
  pages =   "{2313â-2335}"
}

@Article{emazik:99,
  author =   {K. A. Emanuel and M. Zivkovic-Rothman},
  title =    "{Development and evaluation of a convection scheme for use in climate models}",
  journal =       jas,
  year =    {1999},
  volume =   56,
  pages =   "{1766-1782}"
}

@article{folkins:02,
  title={A simple explanation for the increase in relative humidity between 11 and 14 km in the tropics},
  author={Folkins, Ian and Kelly, KK and Weinstock, EM},
  journal={Journal of Geophysical Research: Atmospheres (1984--2012)},
  volume={107},
  number={D23},
  pages={ACL--26},
  year={2002},
  publisher={Wiley Online Library}
}

@Article{fowler:96a,
  author =          {L. D. Fowler and D. A. Randall and S. A. Rutledge},
  title =          "{Liquid and ice cloud microphysics
in the CSU general circulation model. Part I: Model description and simulated
cloud microphysical processes}",
  journal =          jc,
  year =          {1996},
  volume =         "{9}",
  pages =         "{489-529}"
}

@Article{gates:77,
  author =          {W. L. Gates and M. E. Schlesinger},
  title =          "{Numerical-simulation of January and July global climate with a
two-level atmospheric model}",
  journal =         jas,
  year =          {1977},
  volume =         {34},
  pages =         {36-76}
}

@Article{ghan:92,
  author = {S. J. Ghan and R. C. Easter},
  title = {Computationally efficient approximations to stratiform
     cloud microphysics parameterization},
  journal = mwr,
  volume = {120},
  pages = {1572-1582},
  year = {1992},
}

@Article{giorgi:12,
  author =   {F. Giorgi and  E. Coppola and F. Solmon and L. Mariotti and M.B. Sylla and X. Bi and N. Elguindi and G.T. Diro and V. Nair and G. Giuliani and U.U. Turuncoglu and S. Cozzini and I. G\"{u}ttler and T.A. O'Brien and A.B. Tawfik and A. Shalaby and A.S. Zakey and A.L. Steiner and F. Stordal and L.C. Sloan and C. Brankovic },
  title =    "{RegCM4: model description and preliminary tests over multiple CORDEX domains}",
  journal =       climres,
  year =    {2012},
  volume =   2,
  pages =   "{7}"
}

@Article{giorgi:23,
  author =   {Filippo Giorgi, Erika Coppola, Graziano Giuliani, James M. Ciarlo`, Emanuela Pichelli, Rita Nogherotto, Francesca Raffaele, Piero Malguzzi, Silvio Davolio, Paolo Stocchi, Oxana Drofa},
  title =    "{The fifth generation regional climate modeling system, RegCM5: Description and illustrative examples at parameterized convection and convection-permitting resolutions}",
  journal =       jgra,
  year =    {2023},
  pages =   "{128}"
  note =    {e2022JD038199}
  URL = {https://doi.org/10.1029/2022JD038199},
}

@Article{grell:93,
  author =   {G. A. Grell},
  title =    "{Prognostic evaluation of assumptions used by cumulus parameterizations}",
  journal =       mwr,
  year =    {1993},
  volume =   121,
  pages =   "{764-787}"
}

@Book{grell:94,
  author =   {G. A. Grell and A.J. Dudhia and D.R. Stauffer},
  title =    "{Description of the fifth generation Penn State/NCAR Mesoscale Model(MM5)}",
  publisher =    {Tech. Rep. TN-398+STR, NCAR, Boulder, Colorado},
  year =    {1994},
  volume =   {},
  pages =   "{121}"
}

@article{hartmann:91,
  title="{On the net radiative effectiveness of clouds}",
  author={D. L. Hartmann and L. Dennis and D. Doelling},
  journal=jgr,
  volume={96},
  pages="{869-891}",
  year={1991},
}

@article{hogan:00,
  title={Deriving cloud overlap statistics from radar},
  author={R. J. Hogan  and Illingworth, A. J.},
  journal={Quarterly Journal of the Royal Meteorological Society},
  volume={126},
  number={569},
  pages={2903--2909},
  year={2000},
  publisher={Wiley Online Library}
}

@article{holloway:71,
  title   = "{Simulation of climate by a global general circulation model: I. Hydrologic cycle and heat balance}",
  author  = {J. R. Holloway and S. Manabe},
  journal = mwr,
  volume  = 99,
  pages   = "{335-370}",
  year    = {1971}
}

@Article{holtslag:90,
  author =   {A. A. M. Holtslag and M., E. I. F. de Bruijn and H.-L. Pan},
  title =    "{A high resolution air mass transformation model for shortrange weather forecasting}",
  journal =       mwr,
  year =    {1990},
  volume =   118,
  pages =   "{1561-1575}"
}

@Article{huffman:07,
  author =   {G. J. Huffman and R. F. Adler and D.T. Bolvin and G. Gu and E. Nelkin and K. P. Bowman and Y. Hong and E. F. Stocker and D. B. Wolff},
  title =    "{The TRMM Multi-satellite Precipitation Analysis: Quasi-Global, Multi-Year, Combined-Sensor Precipitation Estimates at Fine Scale}",
  journal =       jhydromet,
  year =    {2007},
  volume =   8,
  pages =   "{38-55}"
}

@Article{karcher:02,
  author =   {B. K\"{a}rcher and U. Lohmann},
  title =    "{A parameterization of cirrus cloud formation: Homogeneous freezing of supercooled aerosols}",
  journal =       jgr,
  year =    {2002},
  volume =   107,
  pages =   "{10}"
}

@Article{kessler:69,
  author =    {E. Kessler},
  title =    "{On the distribution and continuity of water substance in atmospheric circulation}",
  journal =       memo,
  year =    {1969},
  volume =   32,
  pages =   "{84}"
}

@Article{khairoutdinov:00,
  author =    {M. Khairoutdinov and Y. Kogan},
  title =    "{A new cloud physics parameterization in a large-eddy simulation model of marine stratocumulus}",
  journal =       bams,
  year =    {2000},
  volume =   128,
  pages =   "{229-243}"
}

@Book{kiehl:96,
  author =    {J. T. Kiehl and J. J. Hack and G. B. Bonan and B. A. Boville and B. P. Breigleb and D. Williamson and and P. Rasch},
  title =    "{Description of the ncar community climate model (CCM3),}",
  publisher =     {Tech. Rep. NCAR/TN-420+STR, National Center for Atmospheric Research},
  year =    {1996},
  volume =   {},
  pages =   "{}"
}

@article{koop:00,
  title={Water activity as the determinant for homogeneous ice nucleation in aqueous solutions},
  author={T. Koop and B. Luo and A. Tsias and T. Peter},
  journal= nat,
  volume={406},
  pages= "{611-614}",
  year={2000},
}

@article{levkov:92,
  title={3D mesoscale numerical studies of cirrus and stratus clouds by their time and space evolution},
  author={Levkov, L and Rockel, B and Kapitza, H and Raschke, E},
  journal={Contributions to atmospheric physics},
  volume={65},
  number={1},
  pages={35-58},
  year={1992},
  publisher={Vieweg}
}

@Article{lin:83,
  author =    {Y. Lin and R. D. Farley and H. D. Orville},
  title =    "{Bulk parameterization of the snow field in a cloud model}",
  journal =       jamc,
  year =    {1983},
  volume =   22,
  pages =   "{1065-1092}"
}

@Article{liu:12,
  author =    {T. W. Liu and W. Tang and F. J. Wentz},
  title =    "{Precipitable Water and Surface Humidity Over Global Oceans From Speciall Sensor Microwave Imager and European Center for Medium Range Weather Forecasts}",
  journal =       jgr,
  year =    {2012},
  volume =   97,
  pages =   "{2251-2264}"
}

@Article{liu:04,
  author =    {Y. Liu and P. H. Daum},
  title =    "{Parameterization of the autoconversion process. part I: Analytical formulation of the Kessler-type parameterizations}",
  journal =       jas,
  year =    {2004},
  volume =   61,
  pages =   "{1539-1548}"
}

@article{lohmann:96,
  title={Design and performance of a new cloud microphysics scheme developed for the ECHAM general circulation model},
  author={Lohmann, U and Roeckner, E},
  journal={Climate Dynamics},
  volume={12},
  number={8},
  pages={557--572},
  year={1996},
  publisher={Springer}
}

@article{lohmann:99,
  title={Comparing different cloud schemes of a single column model by using mesoscale forcing and nudging technique},
  author={U. Lohmann and  N. McFarlane and L. Levkov, Lubomir and Abdella, Kenzu and Albers, Frank},
  journal={Journal of climate},
  volume={12},
  number={2},
  pages={438--461},
  year={1999}
}

@Book{london:57,
  author =    {J. London},
  title =    "{A study of the atmospheric heat balance}",
  publisher =     {New York Univeristy College of Engineering, New York, N.Y. (Available from the National Technical Information Service, Springfield, Va.)},
  year =    {1957},
  volume =   {},
  pages =   "{}"
}

@article{morrison:05,
  title={A new double-moment microphysics parameterization for application in cloud and climate models. Part I: Description},
  author={Morrison, H and Curry, JA and Khvorostyanov, VI},
  journal={Journal of the atmospheric sciences},
  volume={62},
  number={6},
  pages={1665-1677},
  year={2005}
}

@article{meyers:97,
  title={New RAMS cloud microphysics parameterization. Part II: The two-moment scheme},
  author={Meyers, Michael P and Walko, Robert L and Harrington, Jerry Y and Cotton, William R},
  journal={Atmospheric Research},
  volume={45},
  number={1},
  pages={3-39},
  year={1997},
  publisher={Elsevier}
}

@Article{murray:67,
  author =    {F.W. Murray},
  title =    "{On the computation of saturation vapor pressure}",
  journal =       jam,
  year =    {1967},
  volume =   6,
  pages =   "{203-204}"
}

@Article{gmd-9-2533-2016,
AUTHOR = {Nogherotto, R. and Tompkins, A. M. and Giuliani, G. and Coppola, E. and Giorgi, F.},
TITLE = {Numerical framework and performance of the new multiple-phase cloud microphysics scheme in RegCM4.5: precipitation, cloud microphysics, and cloud radiative effects},
JOURNAL = {Geoscientific Model Development},
VOLUME = {9},
YEAR = {2016},
NUMBER = {7},
PAGES = {2533--2547},
URL = {https://www.geosci-model-dev.net/9/2533/2016/},
DOI = {10.5194/gmd-9-2533-2016}
}

@Article{oleson:08,
  author =    {K. W. Oleson},
  title =    "{Improvements to the Community Land Model and their impact on the hydrological cycle}",
  journal =       jgrb,
  year =    {2008},
  volume =   113,
  pages =   "{}"
}

@article{ose:93,
  title= "{An examination of the effects of explicit cloud water in the UCLA GCM}",
  author= {T. Ose},
  journal= jmsj,
  volume= 71,
  pages="{93-109}",
  year={1993},
}

@Article{pal:00,
  author =    {J. S. Pal and E. Small and E. Eltahir},
  title =    "{Simulation of regional-scalewater and energy budgets: representation of subgridcloud and precipitation processes within RegCM}",
  journal =       jgr,
  year =    {2000},
  volume =   105,
  pages =   "{29579-29594}"
}

@Article{pincusklein:00,
  author =    {R. Pincus and S. A. Klein},
  title =    "{Unresolved spatial variability and microphysical process rates in largescale models}",
  journal =   jgr,
  year =    {2000},
  volume =   {105},
  pages =   "{27059-27065}"
}

@Article{randall:89,
  author =          {D. A. Randall and D. A. Harshvardhan and  D. A. Dazlich
                  and T. G. Corsetti},
  title =          "{Interactions among radiation, convection, and large-scale dynamics in
a general-circulation model}",
  journal =         jas,
  year =          {1989},
  volume =         46,
  pages =         "{1943-1970}"
}

@article{ramanathan:76,
  title="{Radiative transfer within the earth's troposphere and stratosphere: A simplified radiative-convective model}",
  author={V. Ramanathan},
  journal= jas,
  volume={33},
  pages="{1330-1346}",
  year={1976}
}

@Article{ramanathan:87,
  author =          {V. Ramanathan },
  title =          "{The role of Earth Radiation Budget studies in climate and
general-circulation research}",
  journal =          jgr,
  year =          {1987},
  volume =         {D4},
  pages =         "{4075-4095}"
}

@article{reisner:98,
  title={Explicit forecasting of supercooled liquid water in winter storms using the MM5 mesoscale model},
  author={Reisner, J and Rasmussen, RM and Bruintjes, RT},
  journal={Quarterly Journal of the Royal Meteorological Society},
  volume={124},
  number={548},
  pages={1071--1107},
  year={1998},
  publisher={Wiley Online Library}
}

@Article{ricard:93,
  author =          {J. L. Ricard and J. F. Royer},
  title =          "{A statistical cloud scheme for use in an AGCM}",
  journal =          "{Ann. Geophysicae}",
  year =          {1993},
  volume =          "{11}",
  pages =          "{1095-1115}"
}

@Book{rogersyau:89,
  author =    {R. R. Rogers and M. K. Yau},
  title =    "{A Short Course in Cloud Physics}",
  publisher =      {3d ed. Pergamon Press},
  year =   {1989},
}

@Article{rossow:96,
  author =    {W. A. Rossow and D. Beuschel and M. Roiter},
  title =    "{International Satellite Cloud Climatology Project (ISCCP) documentation of new cloud datasets}",
  journal =       {World Climate Research Programme, NASA, Goddard Institute of Space Studies},
  year =    {1996},
  pages =   "{15}"
}

@article{rotstayn:97,
  title={A physically based scheme for the treatment of stratiform clouds and precipitation in large-scale models. I: Description and evaluation of the microphysical processes},
  author={Rotstayn, Leon D},
  journal={Quarterly Journal of the Royal Meteorological Society},
  volume={123},
  number={541},
  pages={1227--1282},
  year={1997},
  publisher={Wiley Online Library}
}

@article{rotstayn:00a,
  title={A scheme for calculation of the liquid fraction in mixed-phase stratiform
clouds in large-scale models},
  author={Rotstayn, L. D. and Ryan, B. F. and Katzfey, J. J.},
  journal=mwr,
  volume={128},
  year =           {2000},
  pages={1070-1088},
}  

@article{rutledge:83,
  title={The mesoscale and microscale structure and organization of clouds and precipitation in midlatitude cyclones. VIII: A model for the seeder-feeder process in warm-frontal rainbands},
  author={S. A. Rutledge and P. Hobbs},
  journal={Journal of the Atmospheric Sciences},
  volume={40},
  number={5},
  pages={1185-1206},
  year={1983}
}

@article{ryan:76,
  title={The growth rates and densities of ice crystals between-3 C and-21 C},
  author={B. F. Ryan and E. R. Wishart and D. E. Shaw},
  journal={Journal of the Atmospheric Sciences},
  volume={33},
  pages={842-850},
  year={1976}
}

@article{schneider:72,
  title="{Cloudiness as a Global Climatic Feedback Mechanism: The Effects on the Radiation Balance and Surface Temperature of Variations in Cloudiness.}",
  author={S. H. Schneider},
  journal= jas,
  volume={29},
  pages="{1413-1422}",
  year={1972}
}

@article{sasamori:75,
  title={A statistical model for stationary atmospheric cloudiness, liquid water content, and rate of precipitation},
  author={T. Sasamori},
  journal= mwr,
  volume={103},
  pages={1037-1049},
  year={1975}
}

@Article{sellers:76,
  author =          {W. D. Sellers},
  title =          "{A two-dimensional global climatic model}",
  journal =          mwr,
  year =          {1976},
  volume =          "{104}",
  pages =          "{233-248}"
}

@Article{senior:93,
  author =          {C. A. Senior and J. F. B. Mitchell},
  title =          "{Carbon dioxide and climate: The impact of cloud parameterization}",
  journal =          jc,
  year =          "{1993}",
  volume =         "{6}",
  pages =         "{393-418}"
}

@Article{simmons:99,
  author =    {A.J. Simmons, A. Untch, C. Jakob, P. K{\aa}llberg, P.Und\'en},
  title =    "{Stratospheric water vapour and tropical tropopause temperatures in Ecmwf analyses and multi-year simulations}",
  journal =       qjrms,
  year =    {1999},
  volume =   125,
  pages =   "{353-386}"
}

@Article{slingo:80,
  author =          {J. M. Slingo},
  title =          "{A cloud parametrization scheme derived from GATE data for use with a
numerical-model}",
  journal =       qjrms,
  year =          {1980},
  volume =         106,
  pages =         "{747-770}"
}

@Article{slingo:89,
  author =    {J. M. Slingo},
  title =    "{A gcm parameterization for the shortwave radiative properties of water clouds}",
  journal =       jas,
  year =    {1989},
  volume =   46,
  pages =   "{1419-1427}"
}

@Book{smagorinsky:60,
  title        = "{On the Dynamical Prediction of Large-Scale Condensation by Numerical Methods}",
  author       = {J. Smagorinsky},
  publisher    = {Physics of Precipitation: Proceedings of the Cloud Physics Conference, Woods Hole, Massachusetts, June 3-5, 1959, Wiley Online Library},
  pages        = "{71-78}",
  year         = {1960},
}

@article{smagorinsky:65,
  title      =   "{Numerical results from a nine-level general circulation model of the atmosphere 1}",
  author     =   {J. Smagorinsky and S. Manabe and J. L. Holloway},
  journal    =   mwr,
  volume     =   93,
  pages      =   "{727-768}",
  year       =   {1965}
}

@Article{smith:90,
  author =          {R. N. B. Smith},
  title =          "{A scheme for predicting layer clouds and their water-content in a
general-circulation model}",
  journal =       qjrms,
  year =          {1990},
  volume =         116,
  pages =         "{435-460}"
}

@Article{somerville:84,
  title="{Cloud optical thickness feedbacks in the CO2 climate problem}",
  author={R. C. J. Somerville and L. A. Remer},
  journal=  jgr,
  volume=89,
  pages="{9668-9672}",
  year={1984},
}

@article{stevens:96,
  title={Elements of the microphysical structure of numerically simulated nonprecipitating stratocumulus},
  author={B. Stevens and G. Feingold and W. R. Cotton and R. L. Walko},
  journal={Journal of the atmospheric sciences},
  volume={53},
  number={7},
  pages={980--1006},
  year={1996}
}

@Article{sundqvist:78,
  author =    {H. Sundqvist},
  title =    "{A parameterization scheme for non-convective condensation including prediction of cloud water content}",
  journal =       qjrms,
  year =    {1978},
  volume =   104,
  pages =   "{677-690}"
}

@Article{sundqvist:89,
  author =    {H. Sundqvist and E. Berge and J. E. Kristjansson},
  title =    "{Condensation and cloud parameterization studies with a mesoscale numerical weather prediction model}",
  journal =    mwr,
  year =    {1989},
  volume =   117,
  pages =   "{1641-1657}"
}

@Article{sundqvist:93,
  author =    {H. Sundqvist},
  title =    "{Inclusion of ice phase of hydrometeors in cloud paramterization for mesoscale and largescale models}",
  journal =    conatm,
  year =    {1993},
  volume =   66,
  pages =   "{137-147}"
}

@article{tabazadeh:00,
  title= "{The effect of particle size and nitric acid uptake on the homogeneous freezing of aqueous sulfuric acid particles}",
  author={A. Tabazadeh and S. T. Martin and  J-S. Lin},
  journal={Geophysical research letters},
  volume={27},
  pages="{1111-1114}",
  year={2000},
  publisher={American Geophysical Union}
}

@article{thompson:07,
  title={Simulating the Adiabatic Ascent of Atmospheric Air Parcels using the Cloud Chamber},
  author={A. Thompson},
  journal={Department of Meteorology, Penn State},
  year={2007}
}

@Article{tiedtke:89,
  author =    {M. Tiedtke},
  title =    "{A comprehensive mass flux scheme for cumulus parameterization on large scale models}",
  journal =    mwr,
  year =    {1989},
  volume =    "{117}",
  pages =    "{1779-1800}"
}

@Book{tiedtke:91,
  title={Aspects of cumulus parametrization},
  author={M. Tiedtke},
  publisher= "{Proc. ECMWF Seminar on Tropical Extra-Tropical Interactions, Reading, U.K}",
  pages="{441-466}",
  year={1991}
}

@Article{tiedtke:93,
  author =    {M. Tiedtke},
  title =    "{Representation of clouds in large-scale models}",
  journal =    mwr,
  year =    {1993},
  volume =    "{121}",
  pages =    "{3040-3061}"
}

@article{tompkins:99,
  title={Sensitivity of tropical convection to sea surface temperature in the absence of large-scale flow},
  author={A. M. Tompkins and G. C. Craig},
  journal={Journal of climate},
  volume={12},
  number={2},
  pages={462--476},
  year={1999}
}

@article{tompkins:02,
  title={A prognostic parameterization for the subgrid-scale variability of water vapor and clouds in large-   scale models and its use to diagnose cloud cover},
  author={A. M. Tompkins},
  journal={Journal of the atmospheric sciences},
  volume={59},
  number={12},
  pages={1917--1942},
  year={2002}
}

@Article{tompkins:05,
  author =    {A. M. Tompkins},
  title =    "{The parameterization of cloud cover}",
  journal =   {ECMWF Technical Memorandum},
  year =    {2005},
  pages =    "{1-25}"
}

@Article{tompkins:07,
  author =    {A. M. Tompkins},
  title =    "{Ice supersaturation in the ECMWF integrated forecast system}",
  journal =    qjrms,
  year =    {2007},
  volume =    "{133}",
  pages =    "{53-63}"
}

@article{tompkinsgius:07,
  title={Generalizing cloud overlap treatment to include solar zenith angle effects on cloud geometry},
  author={A. M. Tompkins and F. {Di Giuseppe}},
  journal={Journal of the atmospheric sciences},
  volume={64},
  number={6},
  pages={2116--2125},
  year={2007}
}

@Article{webb:06,
  author =    {M. J. Webb and  C. A. Senior and D. M. H. Sexton and W. J. Ingram and K. D. Williams and M. A. Ringer and B. J. McAvaney and R. Colman and B. J. Soden and R. Gudgel and T. Knutson and S. Emori and T. Ogura and Y. Tsushima and N. Andronova and  B. Li and I. Musat and S. Bony and K. Taylor},
  title =    "{On the contribution of local feedback mechanisms to the range of climate sensitivity in two GCM ensembles}",
  journal =   cdyn,
  year =    {2006},
  volume =    "{27}",
  pages =    "{17-38}",
}

@article{wetherald:80,
  title="{Cloud cover and climate sensitivity}",
  author={R. T. Wetherald and S. Manabe},
  journal= jas,
  volume="{37}",
  pages="{1485-1510}",
  year={1980}
}

@Article{wiellicki:96,
  author =    {B. A. Wielicki and B.R.Barkstrom and E. F. Harrison and R. B. Lee III and G. L. Smith and J. E. Cooper},
  title =    "{ Clouds and the Earth's Radiant Energy System (CERES): An Earth Observing System Experiment}",
  journal =   bams,
  year =    {1996},
  volume =    "{77}",
  pages =    "{853-868}",
}

@article{wilson:99,
  title={A microphysically based precipitation scheme for the UK Meteorological Office Unified Model},
  author={D. R. Wilson and S. P. Ballard},
  journal={Quarterly Journal of the Royal Meteorological Society},
  volume={125},
  pages={1607-1636},
  year={1999},
}

@Article{xu:96a,
  author =    {K. M. Xu and D. A. Randall},
  title =    "{A semiempirical cloudiness parameterization for use in climate models}",
  journal =   jas,
  year =    {1996},
  volume =    "{53}",
  pages =    "{3084-3102}",
}

@article{zelinka:13,
  title={Contributions of different cloud types to feedbacks and rapid adjustments in CMIP5},
  author={M. D. Zelinka and S. A. Klein and K. E. Taylor and T. Andrews and M. J. Webb and J. M. Gregory and  P. M. Forster},
  journal={Journal of Climate},
  number={2013},
  year={2013}
}
